2457 3375
1186 255 1248 298 32

187 408 227 443 et
253 402 302 442 ad
328 402 501 442 altiorem
527 399 688 439 transire
715 397 891 438 idearum
909 395 1143 447 mentisque..
1151 400 1446 448 cognitionem,
1467 397 1534 438 sed
1570 396 1778 437 subsistere
1811 398 1851 437 in
1887 399 2075 449 pateinta
2107 404 2148 440 et
2180 399 2247 440 de-

184 480 394 525 monstrata
420 475 581 518 omnium
607 461 944 528 nptionum,‘'quae
969 468 1167 507 intellectu
1195 472 1456 522 concipiantur
1482 474 1522 509 et
1546 481 1617 521 pro
1642 471 1741 509 veris
1760 468 2061 522 dubitationiqne
2081 486 2157 513 non
2177 475 2246 513 ob·

187 552 309 591 noxiis
334 549 559 593 habeantur,
584 540 814 583 ssifflcultate
841 548 880 583 et
904 544 1164 594 repugnantia,
1193 557 1303 594 quae,
1330 557 1416 583 cum
1444 533 1501 584 in·
1525 544 1693 595 neganda
1737 547 1882 582 tantum
1919 547 2076 586 scientia
2114 559 2248 587 serse-

185 630 249 663 tm-
270 621 360 675 ¹²⁶),
380 618 427 659 in
442 619 660 672 '’ecentiori
686 619 930 677 philosqshia
955 618 1159 664 reflexione·
1183 619 1423 664 attribuitur,
1450 619 1665 656 necessario
1701 618 1850 667 quidem
1885 617 1955 659 sed
1989 630 2065 658 aon
2104 632 2249 666 summo

185 698 319 736 mentis
348 695 470 745 operi.
524 692 612 732 Hoc
633 692 792 744 juvenili
819 691 973 741 negotio
999 679 1161 740 peracto'
1177 689 1269 743 ¹²⁷),
1296 691 1407 732 Plato
1434 692 1482 743 ad
1518 692 1737 742 ampliorem
1775 692 1969 730 veritatem
2007 694 2177 741 perreflt
2210 699 2251 733 et

185 783 299 820 supra
334 770 447 806 istam
474 768 718 816 negationum
744 769 910 801 catenam
937 765 984 801 ad
1011 769 1176 813 mentem
1203 765 1332 815 coepit
1357 765 1580 813 ascendere,
1607 767 1715 818 cujus
1741 770 1911 804 aeternas
1937 765 2055 812 ideas,
2097 777 2120 804 a
2145 777 2247 806 sum-

184 858 246 883 mo
273 845 374 881 bono
401 842 625 892 pendentes,
652 839 899 876 fortissimum
925 840 1097 876 veritatis
1136 843 1176 876 et
1209 839 1398 884 vinculum
1434 842 1479 884 et
1507 840 1646 888 pignus
1683 851 1769 878 esse
1803 840 1998 890 perspexit
2019 836 2109 890 ¹²⁸);
2145 840 2249 888 quod

184 920 237 956 ita
265 917 311 955 ab
341 928 389 954 eo
415 910 555 952 factum
581 912 766 958 videmus,
793 915 837 949 ut
861 911 903 949 in
931 910 1113 961 Sophista
1139 911 1190 948 El
1236 915 1358 949 tarum
1385 916 1557 950 moveret
1582 913 1821 953 stabilitatem
1846 911 2246 962 aeternumqueners-

182 993 263 1028 cliti
290 993 431 1027 motum
458 986 646 1026 stabiliret
666 982 761 1037 ¹²⁸³),
790 989 830 1022 et
849 997 980 1023 omnes
995 998 1058 1023 res
1080 924 1245 1032 unitat}
1252 985 1362 1023 simul
1385 988 1425 1023 et
1441 986 1656 1032 varietatis,
1695 989 1735 1023 et
1760 975 1883 1035 ipsum
1910 985 2142 1040 mendacium
2167 987 2247 1026 veri

180 1068 325 1114 partem
345 1062 507 1110 aliquam
530 1060 674 1098 habere
701 1059 936 1106 ostenderet,
963 1060 1004 1097 in
1022 1059 1180 1098 Philebo
1198 1059 1299 1098 idem
1318 1070 1413 1110 opus
1432 1063 1649 1110 perageret,
1669 1071 1692 1098 a
1714 1058 1978 1116 Pythagoricis
1993 1060 2111 1110 finiti
2130 1063 2245 1110 atque

181 1260 244 1301 ¹²0)
268 1259 409 1292 Tantum
432 1257 539 1296 abest,
561 1260 598 1288 nt
618 1255 715 1288 Plato
736 1254 935 1286 Parme-nidis
958 1258 1079 1286 tantum
1101 1254 1276 1285 sententias
1297 1253 1440 1284 subtilius
1462 1256 1497 1283 et
1518 1252 1641 1284 cultiori
1661 1261 1810 1286 sermone
1831 1254 1966 1286 voluerit
1987 1263 2188 1297 componere,
2210 1261 2246 1289 ut

269 1311 396 1349 omnia,
416 1318 500 1349 quae
523 1319 565 1341 ex
586 1308 646 1339 illis
669 1311 723 1339 aut
744 1308 833 1346 sequi
855 1307 1017 1338 debebant
1038 1310 1093 1338 aut
1114 1314 1189 1336 vere
1211 1304 1354 1336 derivata
1376 1311 1470 1336 erant
1489 1304 1520 1336 in
1541 1305 1682 1343 Melissi,
1704 1305 1854 1344 Zenonis,
1876 1306 2021 1346 Gorgiae
2041 1311 2244 1347 argumenta-

268 1363 429 1400 tionibm,
462 1365 497 1392 et
530 1364 632 1392 totum
662 1360 801 1394 lucrum,
832 1359 918 1398 quod
948 1359 989 1389 ab
1017 1359 1078 1389 ista
1107 1356 1217 1389 schola
1239 1357 1270 1387 in
1291 1357 1469 1388 universam
1490 1354 1725 1399 philosophiam
1756 1356 2007 1397 redundaverat,
2036 1359 2245 1401 descripsisse

266 1412 498 1447 existimandus
519 1412 570 1443 sits
614 1411 826 1451 Aequieverat
849 1411 932 1443 enim
950 1410 1158 1442 Parmenides
1180 1409 1211 1440 in
1226 1408 1398 1449 negatione
1414 1418 1470 1440 sua
1488 1412 1577 1440 ortus
1593 1412 1688 1447 atque
1705 1408 1848 1440 interitus
1861 1412 1894 1440 et
1908 1410 2058 1449 omnium,
2081 1421 2163 1451 qnae
2179 1421 2244 1445 non

262 1480 337 1502 vere
361 1473 487 1502 essent:
510 1458 559 1502 οὗ
579 1460 659 1515 γὰρ
691 1460 847 1514 φατὸν,
881 1457 979 1501 οὐδὲ
1000 1454 1310 1514 νοητὸνἏΕστιν,
1330 1456 1449 1506 ὅπως
1468 1455 1543 1498 οὐκ
1563 1455 1674 1505 ἔστι,
1699 1465 1861 1508 (Bromie
1883 1472 2103 1502 con-entatt.
2134 1468 2241 1504 Eleat.

262 1540 293 1571 p.
316 1527 405 1568 111.)
429 1531 479 1566 et,
501 1525 589 1567 qnod
611 1525 643 1557 in
663 1525 768 1568 prima
787 1524 908 1566 dialogi
929 1530 1023 1567 parte
1047 1524 1166 1556 evincit
1186 1524 1295 1561 Plato,
1317 1532 1424 1561 annm,
1446 1522 1472 1553 si
1493 1523 1534 1554 sit
1556 1527 1588 1554 et
1608 1532 1684 1555 vere
1704 1532 1801 1556 unum
1821 1513 1962 1565 mane&
1983 1533 2088 1567 aeque
2107 1527 2243 1572 W..

263 1581 418 1614 nitionem
439 1578 559 1612 cadere
590 1586 695 1618 neque
728 1578 855 1610 omnino
886 1587 974 1616 esse,
1006 1581 1039 1609 et
1058 1577 1122 1615 ita,
1151 1575 1237 1615 quod
1266 1583 1336 1608 cum
1357 1575 1493 1607 maxime
1514 1574 1657 1607 videatur
1679 1586 1770 1615 esse,
1792 1586 1907 1610 revera
1927 1588 1992 1612 non
2013 1588 2104 1618 esse,
2118 1579 2241 1622 ‚idam

269 1633 311 1664 ab
335 1633 408 1672 ipso
430 1630 625 1662 Parmenide
646 1630 806 1660 inventum
829 1632 894 1667 est,
924 1629 982 1660 sed
999 1629 1088 1674 jiqta
1111 1627 1315 1678 conclusione
1336 1625 1416 1658 hanc
1438 1627 1575 1657 omnium
1596 1636 1700 1658 rerum
1720 1630 1943 1669 negationem,
1971 1628 2136 1663 doetrinae
2157 1630 2241 1664 Par-

261 1682 432 1716 menideae
450 1680 598 1720 insitam,
631 1680 791 1721 explicare
820 1679 927 1721 coepit
948 1679 1116 1717 Melissus,
1146 1679 1200 1719 qui
1228 1679 1349 1711 finitum
1382 1682 1416 1710 et
1443 1678 1624 1711 absolutum
1651 1679 1733 1711 illius
1763 1689 1820 1711 ens
1840 1680 2003 1719 infinitus
2023 1684 2096 1713 e'sse
2115 1682 2243 1722 docuit3

228 1754 232 1756 >
259 1734 405 1766 Brundia
431 1744 463 1773 p.
493 1735 563 1763 188.
593 1732 701 1772 (recte
729 1732 825 1771 igitur
852 1735 962 1762 monet
983 1731 1196 1768 Aristoteles,
1226 1728 1404 1770 metaphys.
1430 1729 1465 1768 1,
1486 1730 1517 1759 5.
1538 1738 1570 1770 p.
1591 1732 1643 1761 18.
1663 1729 1719 1761 Br.
1749 1739 1821 1762 eum
1847 1739 1943 1763 unum
1963 1732 2158 1771 quesiviue
2177 1743 2241 1768 non

259 1784 435 1818 secuudum
455 1783 631 1823 rationem,
653 1783 713 1814 sed
733 1781 909 1815 secundum
929 1781 1117 1825 materiam)
1139 1781 1319 1825 profligavit
1340 1780 1423 1816 hanc
1444 1781 1665 1823 quaestionem
1687 1781 1798 1822 Zeno,
1821 1782 1893 1823 qni,
1921 1783 2027 1817 mua
2045 1785 2162 1826 abimie
2182 1797 2241 1820 ne·-

262 1850 343 1880 μω
366 1838 490 1877 (Parm.
521 1848 553 1877 p.
583 1836 674 1875 lm.)
701 1837 806 1876 ipsum
837 1846 957 1873 unum,
990 1845 1063 1866 cnm
1092 1846 1146 1865 ens
1164 1836 1233 1874 jam
1254 1835 1295 1864 ab
1317 1843 1380 1864 uno
1404 1834 1561 1864 diversum
1582 1834 1641 1872 sit,
1670 1843 1790 1874 negare
1803 1834 1961 1882 *debebat
1982 1844 2072 1876 esse;
2104 1836 2241 1871 absolvit

190 1893 195 1898 ’
258 1889 420 1930 Gorgias,
443 1887 497 1928 qni
518 1886 591 1919 nihil
613 1887 741 1925 omnino
763 1895 854 1927 esse,
879 1895 958 1927 nec,
980 1885 1008 1917 si
1030 1884 1107 1927 quid
1127 1889 1232 1925 esset,
1254 1885 1428 1934 cognosci,
1449 1895 1529 1925 nee,
1549 1885 1575 1918 si
1598 1887 1752 1927 cognosci
1780 1892 1912 1928 posset.
1939 1897 2014 1921 cum
2044 1889 2114 1921 aliis
2143 1901 2242 1932 posse

261 1941 509 1978 communicari,
535 1940 691 1980 audacter
711 1940 825 1978 docet;
855 1939 896 1971 cf.
918 1939 1015 1969 Arist.
1040 1939 1081 1969 de
1103 1937 1320 1980 Xenophane,
1343 1938 1475 1970 Zenone
1497 1941 1530 1968 et
1551 1938 1697 1978 Gorgia3
1727 1942 1843 1979 capnt,
1871 1948 1936 1979 quo
1958 1939 2000 1973 de
2021 1941 2145 1984 Gorgia
2165 1943 2240 1987 agif-

259 1990 330 2034 tur,
354 1990 554 2026 emendatius
577 1989 706 2024 exhibet
727 1991 806 2024 Fons
829 1991 869 2025 de
891 1990 1019 2033 Gorgia
1041 1989 1219 2029 Leontho,
1249 2001 1281 2031 p.
1312 1991 1382 2021 110.
1403 2007 1446 2013 -
1467 1989 1519 2021 Ab
1542 1990 1626 2022 omni
1649 1995 1742 2030 parte
1763 1992 1968 2031 negationem
1987 1993 2082 2025 istam
2104 1995 2241 2027 illustrat

257 2048 375 2084 Plato,
397 2046 443 2076 ita
464 2049 499 2075 ut
521 2053 563 2076 ex
584 2044 700 2085 duplici
722 2044 790 2084 ejm
812 2038 998 2084 hypothesi,
1022 2042 1089 2073 sive
1109 2050 1206 2072 unum
1227 2041 1269 2073 sit
1290 2041 1357 2072 sive
1378 2050 1442 2074 non
1463 2040 1523 2081 sit,
1545 2044 1622 2076 octo
1645 2040 1825 2076 efficiantur
1842 2041 1986 2076 membra
2007 2044 2087 2078 mire
2106 2045 2167 2080 sibi
2187 2043 2240 2082 re'·

258 2097 469 2141 spondentia,
491 2106 575 2137 quae
596 2096 628 2129 in
647 2106 713 2129 uno
735 2096 872 2136 denique
894 2100 1006 2129 centro
1028 2095 1135 2128 omnia
1156 2097 1355 2127 concurrunt.

170 2202 231 2245 Ιπ’)
255 2203 426 2243 paneg-m
446 2202 549 2235 nisum
570 2201 723 2234 mam
743 2201 914 2243 Juvenum
943 2180 1083 2241 „mam
1104 2204 1138 2230 et
1158 2198 1303 2230 mxime
1325 2199 1468 2240 impediri
1489 2198 1745 2239 difficultatibus,
1775 2200 1829 2239 qus
1859 2203 1937 2240 post
1967 2199 2177 2235 nemetum
2206 2207 2240 2237 et

258 2254 444 2296 sophistam
466 2255 620 2296 seriptum
641 2263 715 2286 esse
735 2257 869 2296 putent,
891 2253 1009 2294 primus
1031 2251 1187 2285 intellexit
1207 2255 1242 2283 et
1263 2255 1355 2284 extra
1376 2250 1604 2284 dubitationem
1624 2252 1731 2293 posuit
1746 2251 2051 2289 &mamucha-u
2071 2255 2103 2289 in
2122 2256 2238 2291 huod,

258 2307 300 2340 ud
322 2307 451 2345 rm,
474 2306 608 2338 naim
633 2306 771 2345 werke,
792 2305 826 2344 ι,
848 2307 888 2344 2,
911 2306 1038 2346 p.105.

170 2410 231 2454 ¹²³)
254 2411 347 2445 Haec
373 2419 451 2443 vera
474 2413 525 2443 est
547 2419 664 2449 cansa,
686 2419 743 2442 cnr
764 2410 936 2455 Socratem
957 2408 1114 2441 induxerit
1130 2408 1300 2449 juvenem,
1322 2407 1540 2447 quaestionem
1561 2409 1779 2448 gravissimam
1800 2410 1842 2442 de
1862 2411 1940 2443 ideis
1957 2412 2025 2452 jam
2045 2416 2236 2452 moventem,

253 2474 314 2496 nee
335 2463 477 2495 Zenonis
498 2461 656 2507 sapientia
678 2456 991 2501 contentum,‘cujns
1013 2468 1137 2492 summa
1158 2464 1240 2499 erat,
1262 2460 1367 2492 omnia
1387 2460 1478 2492 simul
1499 2461 1589 2493 unius
1611 2466 1735 2503 partem
1757 2461 1875 2495 habere
1911 2467 1944 2495 et
1966 2464 2067 2504 (quae
2094 2465 2239 2497 videatur

256 2515 347 2555 esse)
369 2514 591 2554 multitudinis,
614 2513 674 2545 sed
696 2514 875 2554 intelligere
897 2515 1093 2554 cupientem,
1124 2512 1284 2551 quomodo
1307 2516 1340 2544 et
1361 2521 1456 2544 unum
1476 2512 1507 2545 in
1537 2514 1635 2545 multa
1657 2514 1850 2551 diffundatur
1879 2520 1912 2548 et
1943 2517 2043 2549 multa
2072 2516 2114 2548 ad
2142 2526 2236 2550 unum

254 2570 472 2605 revocentur3
510 2566 577 2608 jam
606 2566 704 2608 igitur
740 2566 826 2599 elato
863 2573 961 2607 supra
993 2563 1171 2599 Eleaticam
1207 2565 1405 2601 sterilitatem
1444 2567 1550 2608 capite
1587 2566 1750 2609 adspirare
1772 2570 1878 2610 coepit
1906 2570 1948 2602 ad
1978 2570 2127 2601 sublimes
2164 2570 2236 2603 boni

248 2621 390 2662 justiqtie
410 2619 580 2657 notiones3
602 2629 673 2651 eum
693 2629 791 2659 vero,
814 2619 985 2650 dialectica
1016 2622 1086 2649 arte
1106 2618 1247 2650 nondum
1268 2620 1345 2649 satis
1366 2620 1556 2658 instructus,
1578 2619 1736 2652 hominum
1759 2622 1863 2661 (qnod
1886 2622 1914 2653 ei
1935 2621 2046 2662 objicit
2066 2620 2234 2654 Parmeni—

253 2672 331 2713 des)
354 2671 523 2713 opiniones
544 2670 634 2701 nimis
655 2672 831 2712 respiceret
852 2674 885 2703 et
907 2670 1032 2703 diversa
1052 2670 1218 2703 notionum
1246 2680 1367 2711 genera
1395 2670 1622 2711 confunderet,
1653 2682 1733 2714 opus
1766 2674 1796 2706 ei
1817 2679 1887 2707 erat
1914 2672 2083 2707 dialectica
2112 2673 2171 2705 ista
2202 2676 2234 2708 in

252 2725 361 2757 schola
382 2722 585 2755 Parmenidis
607 2724 849 2763 exercitatione,
872 2733 935 2763 quo
957 2724 1075 2756 certius
1096 2732 1187 2755 smim
1209 2723 1278 2764 ipse
1299 2732 1380 2764 opus
1401 2728 1565 2756 tractaret.

166 2811 227 2853 ¹²0)
250 2813 446 2854 Impugnatis
468 2813 498 2844 in
521 2810 706 2845 Theaeteto
719 2813 894 2853 fluentibus
917 2803 978 2856 (οἳ
1002 2804 1183 2859 ῥέοντες)
1207 2813 1364 2845 Heracliti
1385 2812 1564 2856 discipulis,
1594 2814 1643 2856 (p.
1665 2816 1736 2846 179.
1758 2812 1866 2852 seqq.)
1889 2809 2027 2843 nondum
2038 2811 2079 2844 ibi
2090 2819 2232 2848 sanctam

250 2868 453 2901 Parmenidis
473 2870 699 2901 auctoritatem
721 2872 856 2908 tangere
877 2869 992 2907 audet,
1016 2869 1065 2910 (p.
1088 2871 1149 2901 183
1170 2886 1212 2892 —
1234 2869 1283 2909 4.)
1306 2869 1364 2901 sed
1385 2871 1416 2902 in
1439 2870 1593 2912 Sophiste
1624 2869 1782 2912 hospitem
1821 2868 2000 2900 Eleaticum
2038 2869 2114 2902 facit
2151 2872 2231 2903 illius

248 2922 392 2954 rationes
412 2919 621 2961 refutantem,
643 2921 735 2962 quasi
758 2919 957 2962 philosophia
980 2921 1068 2962 ejus,
1090 2922 1257 2955 dialectica
1279 2932 1337 2954 sua
1359 2923 1388 2954 »i
1417 2927 1452 2955 et
1473 2923 1673 2964 sagacitate,
1702 2932 1765 2962 qua
1787 2930 1865 2964 prae
1892 2921 2035 2954 omnibus
2072 2925 2229 2963 excelluit,

245 2975 314 3014 jam
338 2973 494 3016 optimam
516 2973 563 3005 sui
584 2973 652 3014 ipsa
674 2973 850 3007 involveret
873 2973 1109 3008 refutationem.
