2457 3375
1207 205 1237 249 6

137 371 140 374 ·
186 353 360 393 tionibus
383 353 559 404 ambiguo
579 366 600 391 a
617 352 744 391 multis
764 361 879 388 sensu
897 348 1070 399 prolatis,
1097 351 1137 386 et
1156 360 1247 386 sane
1272 327 1540 398 co}itatiouem
1565 344 1735 386 euifecit
1752 358 1840 397 esse
1857 348 1960 399 juris
1986 350 2027 390 in
2050 362 2253 401 veramque

188 441 274 468 eam
299 428 501 467 vindicavit
526 428 756 468 libertatem3
821 426 1056 473 quapropter
1091 422 1296 471 exploratis
1337 421 1490 461 demum
1526 424 1567 460 et
1588 420 1784 472 dispositis
1809 420 1850 459 in
1873 424 2180 474 propaedenticia
2204 425 2251 465 110.

186 503 268 540 bris
296 502 510 540 notionibus
539 503 579 535 et
597 499 761 536 inventis
788 498 958 547 physicis
984 508 1112 533 rerum
1138 497 1263 533 causis
1284 491 1334 533 'ac
1358 496 1582 543 rationibus,
1608 496 1649 533 in
1673 495 1942 546 metaphysicis
1967 496 2084 536 tinem
2109 497 2253 538 doctri·

187 589 257 617 nae
284 588 375 614 suae
399 573 591 623 imposuit,
621 553 872 623 dijudicandis
901 575 941 609 et
967 571 1013 609 ad
1040 582 1164 610 veram
1190 569 1455 619 philosophiae
1481 581 1647 607 normam
1674 570 1925 607 examinandis
1950 570 2137 623 primariis
2163 573 2252 611 sim·

186 648 479 701 plicissimisque
514 646 759 692 notionibus,
804 625 913 695 quas‘
932 646 1018 695 ipse
1050 645 1129 694 jam
1153 647 1261 681 antea
1295 644 1373 682 vita
1399 643 1514 693 quasi
1533 645 1574 680 et
1597 643 1755 680 materia
1786 643 2008 697 repleverat.
2088 643 2254 696 Tantum

186 725 302 773 igitur
327 721 457 766 abest,
503 724 571 766 nt,
623 732 722 770 quae
758 723 841 757 erat
875 719 1079 755 multorum
1106 721 1236 756 nostra
1270 720 1394 755 aetate
1422 716 1550 776 opinio
1567 712 1642 769 ¹⁵),
1679 715 1798 771 solam
1824 717 2090 776 experientiam
2117 716 2253 761 dacem

188 796 396 835 instituerit
422 796 559 843 sequi,
595 798 639 831 ut
672 795 757 842 ipse
785 793 1053 830 monstraverit
1077 793 1174 829 viam
1200 792 1247 828 ad
1274 791 1539 841 explorandam
1573 789 1783 839 simplicem
1808 775 2021 851 nudamque
2046 792 2253 838 veritatem.

190 881 288 918 quae
316 869 499 919 cognosci
525 880 601 905 non
626 870 756 916 potest
766 894 790 919 „
832 866 906 904 nisi
933 877 1049 915 supra
1076 877 1225 903 omnem
1251 864 1504 914 experientiae
1528 853 1815 902 inconstantiam
1841 865 2044 903 evehamur
2068 865 2117 903 ad
2139 875 2255 915 puras

192 955 321 980 rerum
349 943 522 979 notiones
548 940 779 990 indagandas
808 942 849 976 et
874 939 1165 988 componendas.
1218 938 1281 975 Sic
1308 939 1343 976 ei
1370 950 1459 984 non,
1485 941 1529 975 ut
1553 920 1720 993 Platoni,
1742 949 1927 975 summum
1951 939 1992 975 in
2016 938 2256 988 philosophia

189 1017 317 1054 locum
343 1019 476 1052 tenere
501 1013 654 1051 videtur
675 1012 901 1058 dialectica,
939 1012 1024 1058 sed,
1053 1010 1219 1061 quamvis
1246 1011 1321 1049 hoc
1348 1023 1444 1062 opus
1470 1011 1724 1050 necessarium
1751 1021 1838 1062 esse
1867 1010 1979 1049 ducat
2006 1015 2046 1049 et
2070 1024 2162 1050 vero
2188 1024 2253 1050 ex·

190 1090 376 1139 plorando
404 1100 447 1124 ac
468 1088 665 1132 tentando,
692 1090 732 1123 et
757 1086 933 1135 fugandis
962 1086 1214 1134 opinionibus,
1243 1088 1282 1121 et
1309 1078 1564 1134 sophistarum
1591 1088 1705 1135 atque
1732 1084 1970 1122 eristicorum
1995 1084 2255 1136 paralogismis

186 1162 432 1206 refellendis,
470 1161 593 1210 ipsam
625 1163 732 1198 certe
757 1159 1036 1208 philosophiam
1064 1158 1184 1194 multo
1211 1158 1276 1195 illa
1301 1159 1482 1207 majorem
1509 1171 1597 1196 esse
1620 1171 1664 1197 ac
1689 1158 1899 1208 digniorem
1925 1163 2069 1197 censet.
2099 1200 2101 1202 ,
2144 1159 2253 1197 Atta·

185 1248 294 1282 men,
344 1234 564 1285 diligentius
601 1234 636 1272 si
662 1232 904 1272 considerare
939 1231 1097 1269 velimus
1132 1231 1335 1279 utriusque
1368 1231 1589 1281 philosophi
1625 1232 1675 1269 de
1700 1232 1921 1271 dialecticae
1946 1233 1983 1270 vi
2009 1237 2050 1270 et
2072 1233 2254 1283 dignitate

188 1310 421 1354 sententias,
455 1319 532 1345 non
558 1307 612 1344 ita
637 1307 868 1352 inveniemus
894 1308 1171 1355 repugnantes,
1206 1307 1251 1354 ut
1275 1304 1468 1342 conciliari
1493 1308 1707 1356 nequeantj
1759 1306 1844 1357 ipse
1869 1306 1968 1345 enim
1992 1289 2102 1345 Plato
2127 1306 2252 1357 philo-

191 1384 364 1433 sophiam
392 1382 543 1421 culmen
569 1394 657 1420 esse
682 1381 763 1419 vult
788 1381 880 1418 artis
906 1376 1203 1431 dialecticae¹⁴),
1232 1382 1273 1416 et
1295 1378 1510 1429 perfectum
1536 1380 1685 1418 demum
1710 1380 1948 1419 dialecticum
1973 1381 2143 1432 agnoscit
2165 1380 2251 1432 phi-

276 1542 365 1582 quod
387 1541 556 1584 exponitur
578 1540 668 1583 phys.
689 1539 741 1579 11,
758 1542 789 1572 3.
811 1549 918 1580 seqq,
940 1542 1105 1576 materia,
1123 1536 1261 1583 for-ma,
1284 1527 1433 1584 (εἶδος)
1455 1539 1598 1583 primum
1619 1549 1779 1579 movens,
1804 1546 1946 1585 propter
1974 1538 2087 1583 quod.-
2108 1539 2195 1591 (ἷκε.
2209 1541 2251 1573 fi-

273 1600 323 1631 nis
345 1602 379 1630 et
398 1598 535 1637 bonnm)
558 1597 661 1637 surgit
681 1597 756 1628 inde
777 1597 1006 1637 contemplatio
1029 1597 1070 1628 ad
1094 1601 1215 1630 motum
1245 1597 1375 1636 ejusque
1404 1606 1536 1635 causas,
1567 1600 1600 1627 et
1630 1596 1780 1627 discernit
1793 1591 1858 1628 'res
1885 1600 1990 1627 motas
2018 1605 2165 1638 semper,
2192 1596 2252 1628 sed

276 1658 450 1689 numquam
471 1653 653 1687 moventes,
678 1648 779 1688 (quae
795 1648 864 1687 jam
886 1648 1039 1679 materiae
1060 1648 1165 1680 locum
1187 1648 1314 1689 tenent)
1343 1657 1396 1680 res
1425 1657 1499 1679 sese
1525 1648 1611 1689 ipsas
1638 1651 1821 1687 moventes,
1849 1647 1985 1689 (vitam,
2015 1657 2099 1688 quae
2125 1649 2253 1690 corpori

274 1704 326 1732 est
341 1700 510 1740 adjuncta)
528 1704 639 1732 motus
657 1699 791 1737 denique
812 1699 943 1729 immota
965 1699 1129 1739 principia,
1151 1699 1304 1741 (primum
1326 1700 1498 1738 moventia,
1520 1700 1541 1731 i.
1563 1709 1591 1731 e.
1612 1700 1714 1741 ipsam
1733 1702 1891 1738 neuun,
1905 1708 1970 1739 qua
1988 1694 2113 1741 regina
2128 1700 2251 1741 anima)

270 1761 356 1792 quae
378 1752 534 1793 originem
556 1760 647 1783 suam
669 1749 798 1782 trahunt
819 1759 860 1784 ex
881 1759 944 1783 nno
965 1754 1071 1784 motus
1094 1750 1204 1791 fonte,
1226 1756 1376 1796 movente
1397 1752 1525 1791 omnia,
1547 1751 1606 1784 sed
1627 1760 1797 1795 numquam
1825 1754 1934 1790 Βοῖος
1969 1750 2058 1793 phys.
2079 1751 2167 1792 vm,
2181 1755 2251 1785 5.6.

270 1806 317 1838 sic
338 1806 368 1835 in
392 1803 600 1845 psychologia
622 1813 680 1834 sua
702 1802 765 1835 tria
780 1804 870 1845 ponit
892 1802 1095 1844 cogitationis
1117 1808 1151 1837 et
1170 1804 1341 1837 voluntatis
1363 1804 1526 1847 principia,
1547 1802 1640 1848 quod
1663 1811 1826 1842 movetur.
1848 1804 2107 1849 instrumentum
2127 1806 2252 1839 motio-

273 1857 350 1893 nis,
373 1868 531 1892 movens.
552 1856 638 1895 quod
660 1855 778 1897 duplex
800 1865 874 1887 esse
895 1855 993 1895 dicit,
1016 1860 1073 1887 aut
1093 1866 1223 1888 movens
1244 1858 1335 1889 simul
1357 1867 1398 1889 ac
1419 1861 1552 1896 motum,
1574 1858 1594 1888 i.
1616 1867 1645 1888 e.
1665 1857 1794 1888 vitalem
1815 1857 1941 1888 animae
1960 1858 2040 1897 vim,
2061 1861 2118 1890 aut
2136 1858 2251 1892 immo-

275 1914 363 1948 tum,
385 1908 406 1940 i.
430 1918 459 1940 e.
480 1913 638 1940 summum
659 1907 799 1948 bonnm,
821 1907 853 1940 in
875 1917 937 1948 qno
960 1907 1142 1951 appetendo
1165 1917 1276 1942 omnes
1297 1909 1423 1942 animae
1450 1912 1555 1941 motus
1583 1908 1728 1949 viresque
1755 1909 1954 1951 conspissat3
1989 1910 2048 1951 (de
2068 1912 2173 1943 anirna
2191 1911 2251 1951 111,

271 1962 397 2002 9.·10.)
417 1962 448 1993 in
471 1961 656 2000 theologica
678 1960 813 2000 denique
834 1960 1124 2002 metaphysicorum
1146 1971 1239 2002 pane
1259 1969 1388 1993 omnem
1409 1970 1514 1992 rerum
1528 1961 1762 1992 universitatem
1776 1960 1890 1992 intres
1903 1960 2019 1993 dirimit
2033 1960 2250 2001 substantias,

271 2014 352 2045 duas
374 2013 550 2051 sensibiles,
574 2015 607 2043 et
627 2020 724 2043 unam
744 2012 872 2051 quidem
893 2012 1010 2044 fluxam
1032 2023 1072 2046 ac
1086 2012 1252 2052 caducam,
1274 2022 1380 2045 rerum
1401 2012 1600 2045 terrestrium
1620 2020 1745 2052 ‘encra
1763 2012 1988 2052 continentem,
2010 2013 2145 2046 alteram
2164 2024 2250 2047 sem·

272 2066 445 2107 pitanam,
468 2074 532 2104 qua
553 2067 707 2104 regantur
727 2064 916 2096 coelestium
938 2073 1107 2106 corporum
1128 2068 1256 2104 motus,
1286 2064 1415 2098 tertiam
1434 2068 1541 2097 autem
1556 2064 1744 2103 immotam,
1774 2073 1871 2105 quam
1899 2069 1955 2098 aut
1981 2064 2097 2098 eodem
2124 2075 2252 2109 semper

271 2117 371 2151 modo
392 2116 470 2150 facit
490 2120 663 2157 agentem,
686 2120 763 2156 aut,
785 2126 869 2157 quae
891 2120 941 2149 est
960 2115 1117 2150 humanae
1138 2118 1251 2150 mentis
1272 2117 1367 2157 ratio,
1389 2118 1481 2150 aliter
1501 2121 1599 2157 atque
1620 2117 1712 2149 aliter
1731 2121 1894 2157 agentem,
1914 2121 1952 2152 ut
1972 2122 2061 2150 ortus
2082 2123 2180 2160 atque
2201 2120 2249 2152 ln-

270 2170 381 2202 teritus
403 2173 608 2209 enascantur3
630 2168 829 2211 (Metaphys.
852 2169 910 2209 xl,
932 2172 949 2202 1
973 2187 1016 2193 -
1036 2171 1082 2210 7.)
1105 2174 1138 2202 et
1159 2170 1204 2202 ita
1224 2171 1256 2202 in
1277 2171 1360 2210 Deo,
1382 2170 1473 2211 quasi
1490 2174 1577 2202 meta
1596 2179 1637 2203 ae
1658 2174 1783 2208 centro,
1803 2173 1907 2202 totum
1929 2170 2147 2213 philosophiae
2167 2182 2248 2214 opus

271 2223 459 2262 acquiescit.
503 2222 577 2255 Qua
598 2225 668 2254 arte
690 2223 731 2254 ab
752 2222 916 2255 imbecillis
937 2222 1031 2254 initiis
1053 2222 1096 2254 ad
1116 2223 1257 2264 majores
1278 2212 1381 2264 usqne
1402 2228 1436 2255 et
1462 2223 1662 2256 sublimiores
1683 2222 1838 2256 ascendat
1857 2223 2013 2260 ‚notiones
2042 2225 2247 2265 Aristoteles,

266 2274 534 2316 jucundissimum
562 2283 641 2305 sane
662 2284 742 2316 opus
767 2278 818 2306 est
837 2275 1041 2316 investigare.
1805 2291 1808 2295 ·

184 2358 229 2399 ¹⁸)
259 2357 519 2392 Tennemannus
541 2355 685 2398 (Gesch.
710 2355 770 2390 der
790 2356 877 2402 phil.
899 2358 957 2397 111,
979 2369 1010 2400 p.
1032 2359 1086 2398 46,
1107 2358 1216 2400 seqq.)
1237 2362 1274 2391 ut
1294 2368 1363 2391 rem
1384 2345 1592 2403 certissimam
1613 2352 1775 2401 proponit,
1795 2359 2023 2401 experientiam
2044 2360 2247 2403 omniscog—

268 2411 396 2444 nitionis
418 2411 540 2443 sontem
563 2410 648 2442 trudi
670 2421 690 2442 a
712 2410 887 2452 Stagirsta,
918 2411 1004 2451 quod
1032 2412 1206 2453 praecipue
1235 2422 1277 2443 ex
1306 2412 1393 2443 libris
1422 2412 1490 2453 ejus
1519 2411 1681 2465 anfflcis
1711 2411 1819 2444 studet
1840 2413 2016 2453 *evincere3
2053 2413 2111 2446 sed
2137 2413 2249 2445 melius

249 2457 252 2459 ’
270 2473 344 2495 eum
367 2463 486 2494 docere
507 2463 672 2494 debebant
694 2462 725 2494 hi
746 2463 806 2504 ipsi
827 2463 918 2501 libri3
952 2463 1112 2494 disserens
1135 2464 1217 2493 enim
1238 2463 1442 2504 philosophus
1469 2462 1511 2494 de
1538 2463 1676 2495 sontibus
1698 2460 1920 2504 'cognoscendi
1940 2464 1972 2496 in
1994 2465 2077 2497 anal.
2099 2468 2182 2507 post.
2203 2464 2246 2503 11,

270 2518 320 2546 18.
342 2513 591 2547 luculentissime
611 2519 752 2547 mentem
774 2515 850 2547 dicit
872 2515 1059 2558 principium
1081 2515 1245 2554 scientiae,
1269 2519 1302 2547 et
1323 2515 1464 2549 diversos
1487 2515 1637 2549 discernit
1657 2507 1847 2557 cognitionis
1867 2516 1997 2558 gradus,
2022 2528 2166 2553 sensum,
2183 2527 2247 2557 quo

269 2567 482 2609 percipiantur
505 2567 630 2606 quidem
652 2568 787 2609 singula,
810 2567 869 2599 sed
890 2568 960 2609 ipsa
981 2567 1042 2601 hac
1064 2569 1270 2610 perceptione
1287 2574 1429 2602 mentem
1450 2570 1560 2601 statim*
1579 2569 1708 2602 avocari
1731 2567 1926 2602 inductione
1947 2570 1989 2602 ad
2008 2579 2127 2612 genera
2142 2579 2247 2603 rerum

267 2634 364 2657 sensu
385 2634 449 2656 non
471 2622 696 2665 percipienda,
718 2625 833 2658 deinde
854 2618 1172 2666 ratiocinationem,
1195 2617 1313 2668 (δόξα
1336 2633 1369 2659 et
1394 2617 1603 2672 λογισμός,
1627 2636 1711 2666 qnae
1732 2627 1893 2667 cogitandi
1914 2628 1996 2659 ratio
2018 2627 2246 2660 recentioribus

269 2684 403 2711 vocatur
423 2677 589 2721 reflexio)
612 2689 695 2718 quae
716 2690 780 2712 non
800 2691 925 2723 semper
946 2692 1022 2713 vera
1043 2682 1103 2721 sit,
1128 2684 1186 2715 sed
1208 2693 1350 2716 errorem
1371 2684 1539 2724 admittat,
1560 2683 1734 2716 scientiam
1755 2683 1910 2725 denique,
1933 2684 2048 2717 erroris
2071 2688 2244 2725 expertem,

270 2732 360 2772 cujus
381 2731 566 2772 principium
587 2730 768 2763 habendum
789 2734 830 2764 sit
852 2744 957 2771 mens,
979 2744 1052 2767 cum
1073 2745 1138 2768 non
1160 2736 1230 2778 ipsa
1252 2746 1325 2768 esse
1347 2736 1448 2779 possit
1469 2736 1655 2779 principium
1682 2736 1739 2767 sui.
1781 2735 1894 2779 Neque
1915 2737 2020 2769 omnia
2050 2736 2083 2768 in
2112 2736 2243 2769 demon-

267 2784 512 2844 strationem'let
533 2783 751 2826 syllogismum
774 2785 908 2825 cadere,
932 2787 989 2818 sed
1012 2791 1103 2820 extra
1125 2787 1183 2821 bas
1214 2793 1368 2831 angustas
1394 2790 1553 2823 finitarum
1578 2798 1686 2822 rerum
1713 2788 1832 2823 formas
1859 2789 1966 2832 posita
1993 2798 2066 2822 esse
2096 2789 2244 2831 principia

266 2840 425 2874 scientiae
448 2847 583 2884 αμεσα
596 2863 606 2880 ,
630 2841 727 2874 docet
748 2843 832 2873 anal.
854 2846 939 2884 post.
960 2843 996 2883 Ι,
1018 2846 1049 2876 3.
1712 2847 1718 2853 ‘

180 2928 227 2968 ¹⁴)
249 2927 450 2962 Testimonia
473 2933 547 2962 sunt
568 2929 654 2962 dicta
674 2939 772 2972 supra
793 2931 892 2963 allata
913 2930 945 2963 in
967 2929 1067 2973 soph.
1089 2942 1120 2974 p.
1141 2929 1223 2972 aa,
1247 2937 1279 2965 et
1299 2905 1329 2965 in
1351 2934 1473 2977 republ.
1495 2945 1525 2976 p.
1546 2935 1618 2967 534.
1823 2931 1827 2936 ⁸
1893 2941 1905 2961 θ
