2457 3375
1085 398 1118 436 Q

178 472 409 526 losoph'ixm3
457 487 561 523 nm,
599 476 632 515 si
660 476 744 526 quis
771 472 898 513 divino
925 477 1124 525 correptus
1156 475 1292 514 ardore
1317 475 1549 514 adscendere
1573 477 1666 514 velit
1691 477 1738 515 ad
1766 475 1952 514 excelsam
1978 477 2078 514 illam
2104 478 2231 527 philo·

179 546 337 601 aspinae
354 548 508 598 arcem,
543 551 644 589 unde
669 559 798 587 rerum
822 547 1038 587 mortalium
1063 549 1303 601 fragilitatem
1327 553 1576 601 prospectare
1601 550 1714 588 liceat
1739 554 1915 589 aeternae
1940 552 2081 598 menti,
2108 553 2146 590 ei
2171 565 2241 592 ar-.

178 622 254 662 dus
279 626 395 674 atque
419 637 553 675 aspera
579 623 798 661 dialecticae
823 624 883 661 via
907 634 979 673 per
1014 635 1143 662 omnes
1179 635 1351 662 errorum
1377 623 1568 661 anfi-actus
1597 627 1726 662 monet
1751 636 1837 663 esse
1861 625 2091 664 enitendum.
2152 624 2231 664 Ne·

180 708 256 747 que
281 698 391 736 aliter
414 682 642 736 Aristoteles
668 707 799 734 verum
826 697 1042 734 dialecticae
1068 699 1262 747 negotium
1286 678 1345 734 ital
1366 696 1512 742 definit,
1539 700 1583 733 ut
1608 708 1680 747 per
1707 708 1855 735 omnem
1879 699 2104 748 cognitionis
2129 710 2231 737 cam·

176 782 267 822 pum
291 770 412 811 libere
448 770 626 809 incedens
663 782 711 809 ex
736 756 973 821 opinionibus
1000 775 1065 809 aut
1090 784 1113 809 a
1136 769 1344 820 vulgo‘aut
1365 756 1392 809 a
1416 771 1649 822 sapientibus
1674 771 1833 821 prolatis
1860 771 2036 811 latentem
2062 774 2132 811 sub
2161 784 2225 811 er·

176 856 266 884 rore
283 828 488 883 rer-itatem
514 843 640 882 eliciat
666 847 706 882 et
729 844 770 883 in
794 844 917 883 lucem
951 845 1160 896 protrahat.
1181 838 1248 897 ¹⁵).

322 918 406 956 Jam
430 929 523 955 vcro
558 917 598 955 in
631 918 783 968 publica
809 919 1041 957 Graecorum
1060 918 1144 956 ‘vita
1171 917 1395 956 firmissimis
1420 917 1550 969 legum
1574 918 1880 969 religionumque
1905 919 2067 958 vinculis
2094 919 2229 958 solutis

175 994 258 1042 ipsa
283 990 473 1027 civitatum
498 990 653 1029 libertas
680 996 903 1039 evanuerat,
946 996 987 1030 et
1010 992 1147 1029 relicto
1173 993 1329 1041 antiquo
1356 994 1396 1029 et
1420 1003 1442 1029 a
1463 993 1668 1043 maioribus
1695 993 1835 1031 tradito
1861 992 1999 1043 agendi
2025 992 2230 1048 sentiendi·

176 1077 253 1115 que
276 1076 384 1102 more
413 1065 560 1115 puriori
588 1078 684 1114 opus
712 1069 794 1103 erat
817 1078 944 1104 rerum
970 1067 1177 1103 divinarum
1202 1066 1520 1114 humanarumque
1537 1067 1765 1116 cognitione,
1793 1078 1890 1115 quae
1914 1067 1955 1103 in
1973 1067 2109 1116 vulgus
2136 1078 2228 1116 pro·

172 1140 311 1189 pagata
344 1149 485 1176 novum
520 1139 691 1177 omnihus
725 1140 928 1190 inspiraret
952 1138 1232 1190 recuperandae
1256 1138 1440 1177 libertatis
1467 1140 1640 1178 ardorem
1666 1144 1706 1178 et
1732 1140 1841 1177 aliam
1866 1141 2047 1189 publieae'
2064 1142 2229 1178 societa-

150 1211 225 1249 ἐἰς
252 1212 509 1251 restituendae
534 1212 659 1265 legem
683 1214 982 1265 praescriberet3
1035 1212 1106 1252 sed
1138 1224 1216 1251 uon
1251 1223 1297 1251 ex
1321 1213 1564 1265 philosophia
1588 1225 1685 1253 nova
1710 1212 1777 1253 illa
1801 1213 1903 1253 salus
1928 1214 2054 1265 potuit
2080 1213 2230 1261 enasci;

174 1313 219 1375 ἐϋ)
241 1331 450 1366 Dialecticam
470 1331 659 1366 Aristoteles
680 1331 778 1371 docet
798 1332 839 1366 ab
861 1331 917 1373 iis,
940 1341 1022 1374 quae
1043 1331 1080 1365 in
1100 1331 1262 1376 opinione
1284 1321 1466 1377 (g'vdoga)
1488 1332 1568 1373 sint,
1591 1331 1768 1375 proficisci,
1790 1336 1825 1365 et
1844 1332 1930 1366 circa
1950 1332 2138 1366 communia
2159 1323 2230 1376 (τὰ

262 1385 402 1440 κοινά)
424 1394 562 1434 versari3
590 1394 630 1427 cf.
653 1394 695 1426 de
715 1388 898 1436 reprehens.
919 1394 1010 1436 soph.
1030 1395 1065 1433 1,
1090 1397 1140 1426 10.
1163 1396 1213 1425 11.
1234 1395 1413 1438 metaphys.
1434 1396 1484 1436 11,
1512 1399 1540 1427 1.
1563 1399 1630 1437 top.
1652 1395 1684 1434 1,
1706 1397 1738 1426 2.
1783 1394 1878 1442 Quae
1904 1395 1967 1427 sint
1993 1386 2045 1427 τὰ
2069 1385 2228 1437 ἔνδοξα,

256 1459 349 1498 patet
360 1465 400 1488 ex
416 1456 489 1489 loco
500 1455 568 1496 jam
586 1455 725 1488 adducto
741 1451 824 1488 analss
845 1461 928 1497 post.
940 1457 989 1495 11,
1002 1460 1053 1495 18,
1075 1458 1129 1488 ubi
1151 1446 1276 1498 δόξαν
1296 1468 1360 1490 uon
1381 1458 1565 1490 necessario
1587 1467 1695 1489 veram
1717 1466 1789 1489 esse
1811 1457 1905 1496 dicit,
1938 1466 2042 1497 neque
2061 1456 2121 1490 hac
2141 1458 2173 1489 in
2195 1466 2233 1490 re

255 1510 426 1544 discedens
452 1520 472 1542 a
489 1510 638 1549 Platone,
660 1511 712 1550 qni
732 1510 764 1542 in
784 1510 966 1542 Theaeteto
988 1516 1021 1543 et
1042 1512 1194 1552 Sophista
1213 1517 1317 1545 totum
1338 1514 1567 1546 circumscribit
1588 1522 1685 1544 verae
1707 1512 1873 1553 falsaeque
1890 1513 2046 1555 opinionis
2064 1512 2230 1551 ambitum,

258 1567 293 1596 et
313 1562 466 1602 ostendit,
490 1572 578 1601 eam,
602 1562 661 1595 etsi
681 1572 758 1594 vera
779 1572 851 1595 esse
872 1563 990 1604 possit,
1011 1564 1166 1595 scientiae
1186 1574 1251 1596 non
1274 1575 1346 1597 esse
1367 1567 1572 1607 participem3
1600 1566 1790 1597 communia
1810 1569 1919 1596 autem
1940 1565 2016 1597 dicit
2035 1575 2056 1596 a
2077 1564 2225 1597 dialecti-

260 1615 471 1657 ca-tractari,
500 1623 573 1647 cum
601 1624 667 1646 non
698 1618 789 1647 certo
816 1614 970 1647 adstricta
995 1615 1037 1646 sit
1058 1620 1266 1655 argumento,
1296 1616 1354 1647 sed
1386 1617 1428 1647 ad
1456 1617 1562 1648 omnia
1584 1617 1773 1657 cognitionis
1795 1625 1914 1656 genera
1934 1616 2052 1648 debeat
2072 1615 2227 1654 adhiberi,

251 1681 358 1733 gnare
379 1670 510 1703 affinem
530 1669 607 1702 dicit
625 1669 804 1704 rhetoricae
826 1672 903 1711 arti,
931 1681 1014 1712 quae
1040 1676 1074 1703 et
1093 1673 1164 1714 ipsa
1192 1673 1419 1705 diversissimas
1447 1683 1499 1705 res
1529 1672 1706 1705 hominibus
1728 1672 1920 1715 persuadere
1942 1672 2066 1713 cupiat,
2091 1662 2225 1717 (0³:er-

258 1739 446 1781 στροφον
466 1734 564 1763 vocat
583 1730 775 1763 rhetoricam
796 1731 993 1773 dialecticae,
1014 1732 1035 1764 i.
1056 1742 1084 1765 e.
1114 1733 1216 1765 altera
1240 1743 1281 1765 ex
1305 1736 1397 1773 parte
1428 1732 1457 1764 ei
1491 1732 1756 1774 respondentem)
1801 1736 1835 1765 et
1861 1732 2012 1764 similibus
2040 1732 2234 1766 inductionis

255 1795 292 1824 et
309 1790 483 1831 syllogismi
508 1789 618 1822 formis
638 1789 671 1821 in
692 1791 844 1832 exemplis
864 1791 929 1822 suis
952 1795 985 1822 et
1005 1791 1246 1832 enthymematis
1268 1791 1326 1832 (cf.
1336 1791 1402 1822 Cic.
1423 1792 1489 1831 top.
1512 1800 1540 1822 c.
1563 1788 1631 1830 14.)
1654 1793 1772 1829 utatur,
1796 1793 1830 1822 et
1850 1789 2002 1834 topicam
2019 1788 2227 1832 disciplinam,

254 1853 350 1885 quam
369 1842 529 1875 invfflisse
557 1841 698 1882 videtur,
719 1846 822 1875 totam
842 1843 897 1875 niti
919 1843 1103 1883 dialectica,
1125 1847 1191 1885 top.
1213 1843 1247 1883 1,
1281 1847 1312 1875 8.
1333 1846 1364 1874 9.
1386 1841 1459 1874 huic
1487 1842 1569 1873 enim
1591 1842 1740 1882 adsignat
1759 1852 1890 1880 munus,
1923 1843 2015 1874 locos
2036 1842 2229 1883 disputatio·

252 1905 328 1931 num
359 1895 392 1928 in
410 1895 478 1927 lato
498 1895 679 1936 opinionum
699 1904 813 1937 campo
835 1895 1018 1935 exquirendi
1039 1899 1074 1927 et
1093 1894 1309 1940 problemata
1329 1898 1364 1926 et
1384 1893 1640 1938 propositiones
1672 1893 1830 1937 ponendi;
1865 1903 2021 1927 summum
2048 1894 2144 1935 igitar
2170 1905 2229 1929 co—

257 1948 408 1992 gnitionis
429 1947 583 1989 gradum,
604 1948 658 1979 ubi
678 1952 793 1988 regnet
813 1949 964 1986 scientia,
984 1949 1168 1989 praeparari
1189 1948 1319 1988 quidem
1338 1948 1405 1979 vult
1425 1948 1612 1986 dialectica,
1630 1947 1689 1978 sed
1710 1956 1774 1978 nou
1795 1946 1927 1977 absolvi.
1969 1946 2020 1977 Ne
2040 1952 2149 1978 autem
2168 1957 2230 1989 pu-

257 2005 380 2034 taretur
400 2000 599 2032 dialecticam
620 1999 849 2038 contemsisse,
870 1998 940 2041 ipse
960 1999 1133 2031 identidem
1153 2009 1283 2039 omnes,
1314 1999 1367 2041 qui
1388 2003 1463 2031 ante
1485 2009 1521 2031 se
1542 2008 1643 2038 usqne
1664 1998 1706 2029 ad
1728 1998 1899 2029 Platonem
1925 1996 2142 2040 philosophati
2175 2009 2230 2030 es-

257 2057 352 2092 seut,
373 2051 591 2094 reprehendit,
613 2051 700 2091 quod
721 2051 888 2084 dialectice
908 2059 972 2083 uon
994 2056 1101 2083 essent
1121 2062 1261 2084 summas
1282 2061 1334 2084 res
1355 2052 1562 2094 perscrutati,
1593 2049 1788 2091 (metaphys.
1808 2049 1873 2088 111,
1901 2050 1950 2091 3.)
1978 2059 2082 2090 neque
2112 2051 2159 2083 ita
2188 2051 2231 2084 de

256 2106 296 2139 fis
316 2105 519 2143 statuissent,
539 2107 577 2136 ut
596 2103 656 2136 rite
676 2107 790 2146 p9sset
809 2107 922 2136 contra
944 2113 1001 2135 eos
1023 2103 1196 2146 disputari,
1225 2104 1283 2136 sed
1304 2105 1563 2146 praeparator-ias
1585 2112 1695 2135 omnes
1717 2102 1759 2133 de
1779 2102 1933 2144 primariis
1955 2107 2052 2142 atque
2072 2103 2230 2145 oppositis

256 2158 319 2191 sibi
340 2157 523 2191 notionibus
543 2155 795 2197 disquisitiones,
817 2160 853 2188 ut
866 2155 907 2187 de
929 2155 1020 2187 simili
1041 2160 1075 2188 et
1095 2156 1248 2196 dissimili,
1269 2156 1311 2188 de
1332 2156 1447 2190 eodem
1469 2160 1503 2189 et
1523 2157 1660 2195 diverso,
1682 2154 1855 2187 dialecticis
1878 2154 2030 2188 adscribit
2049 2155 2228 2198 metaphys.

257 2211 292 2251 1,
312 2213 344 2243 5.
367 2214 400 2244 et
420 2209 503 2242 hanc
522 2207 765 2251 philosophandi
785 2218 929 2241 nonnam
949 2209 1017 2251 ipse
1038 2213 1167 2243 secutus
1188 2214 1314 2251 semper
1335 2220 1355 2241 a
1376 2209 1498 2251 vulgari
1518 2208 1674 2241 sentiendi
1695 2207 1904 2247 loquendique
1930 2208 2057 2240 ratione
2085 2212 2141 2240 aut
2168 2209 2229 2240 im-

257 2267 400 2306 pugnata
421 2266 478 2294 aut
498 2262 541 2294 ad
564 2261 796 2295 accuratiorem
817 2261 1032 2301 cognitionem
1053 2265 1206 2294 revocata
1237 2262 1351 2293 transit
1371 2262 1413 2293 ad
1440 2262 1601 2294 sistendas
1629 2269 1724 2302 puras
1751 2260 1909 2300 notiones.
1948 2256 2065 2300 Neque
2085 2259 2147 2293 hoc
2168 2261 2230 2292 ob-

259 2324 389 2348 scurum
409 2318 479 2353 est,
500 2314 576 2354 qnid
598 2313 786 2347 discriminis
807 2313 954 2345 statuerit
975 2313 1054 2344 artis
1076 2312 1208 2357 logicae
1229 2317 1263 2345 et
1284 2313 1490 2353 dialecticae3
1511 2314 1564 2345 illa
1587 2313 1685 2352 enim,
1707 2312 1791 2351 sive,
1812 2315 1848 2343 ut
1868 2312 1985 2345 rectius
2006 2312 2121 2351 diana,
2142 2323 2230 2344 ana-

258 2365 388 2410 lytica,
408 2375 480 2399 eum
501 2375 564 2399 uon
586 2366 654 2408 ipse
675 2369 783 2398 utatur
803 2365 931 2406 logicae
951 2366 1096 2406 nomine,
1120 2376 1160 2399 ea
1181 2366 1371 2407 cognitionis
1392 2376 1467 2409 pars
1489 2370 1557 2406 est,
1580 2375 1663 2407 qnae
1683 2375 1704 2398 a
1732 2365 1829 2397 rebus
1856 2364 2023 2397 sensilibus
2044 2365 2086 2397 au
2106 2374 2228 2406 genera

257 2429 362 2452 rerum
388 2418 529 2451 evehitur
557 2419 731 2460 syllogismi
753 2423 786 2451 et
806 2418 994 2451 inductionis
1015 2429 1097 2461 ope;
1125 2419 1293 2453 dialectica
1319 2429 1395 2452 vero
1424 2429 1488 2452 uon
1511 2425 1563 2452 est
1590 2423 1679 2451 certa
1706 2418 1864 2458 quaedam
1894 2417 2112 2458 philosophiae
2138 2427 2225 2458 pars,

257 2471 317 2504 scd
339 2480 449 2503 omnes
471 2471 562 2501 simul
583 2475 693 2510 partes
714 2471 797 2502 viam
818 2471 857 2501 iis
878 2475 1095 2502 monstratura
1117 2472 1306 2514 comitatur3
1342 2471 1383 2504 cs.
1410 2472 1537 2512 Analyt.
1568 2471 1665 2512 prior.
1692 2470 1727 2509 1,
1757 2473 1787 2502 1.
1816 2478 1904 2507 seqq.
1925 2466 2062 2507 metaph.
2084 2467 2120 2506 1,
2142 2469 2172 2498 3.
2194 2469 2224 2499 4.

256 2527 325 2565 top.
344 2522 378 2562 Ι,
398 2525 430 2554 2.
449 2521 504 2553 ubi
525 2520 638 2554 dicitur
658 2522 797 2553 omnium
817 2521 1050 2565 disciplinarum
1071 2533 1187 2557 causas
1214 2523 1392 2565 exquirere.
1432 2523 1478 2556 Et
1498 2523 1623 2556 videtur
1644 2523 1787 2561 omnino,
1807 2530 1848 2553 ne
1868 2519 1930 2567 hoc
1951 2523 2099 2558 taceam,
2130 2529 2223 2560 sper-

256 2585 333 2609 nere
354 2573 587 2615 quodammodo
610 2574 824 2613 dialecticos‚'
834 2583 915 2614 quos
937 2584 1037 2615 saepe
1058 2575 1134 2608 dicit
1154 2575 1196 2608 de
1218 2577 1363 2609 omnibus
1385 2577 1480 2609 rebus
1502 2576 1675 2614 disserere3
1697 2583 1767 2607 cum
1789 2572 1873 2605 euim
1893 2580 1947 2604 ars
1968 2572 2024 2604 illa
2045 2576 2130 2604 esset
2152 2572 2224 2612 phi-

255 2627 419 2670 losophice
440 2626 629 2666 disserendi,
653 2630 686 2659 et
707 2626 903 2668 dialogorum
921 2636 1002 2667 prae
1022 2636 1059 2658 se
1080 2627 1179 2659 ferret
1199 2627 1335 2660 formam
1357 2640 1396 2662 ac
1416 2630 1574 2669 speeiem,
1596 2627 1677 2659 hanc
1698 2617 1826 2664 quidem
1847 2620 1915 2664 'pro
1943 2625 2049 2656 indole
2079 2633 2139 2655 sua
2168 2634 2224 2656 re·-

256 2681 344 2722 spuit
363 2679 569 2718 Aristoteles,
593 2678 644 2712 cui
665 2679 802 2719 placuit,
823 2688 888 2711 non
909 2678 1097 2719 ambagibus
1118 2678 1224 2710 multis
1245 2680 1304 2711 sed
1325 2684 1414 2713 recta
1435 2681 1485 2711 via
1506 2680 1548 2710 ad
1570 2680 1662 2710 finem
1685 2677 1805 2710 itineris
1824 2680 2011 2719 penetrare,
2033 2685 2142 2708 veram
2164 2686 2223 2709 au—

225 2722 233 2728 ’
256 2736 323 2765 tem
344 2731 530 2765 dialecticae
549 2731 610 2762 vim
630 2741 695 2763 non
717 2741 737 2762 a
758 2730 814 2763 tali
834 2730 974 2771 pendere
995 2730 1098 2763 forma
1118 2731 1265 2771 exemplo
1286 2741 1346 2763 suo
1369 2732 1499 2772 egregie
1519 2729 1668 2763 ostendit.
1710 2729 1830 2762 Paucis
1851 2732 1888 2761 nt
1907 2728 2082 2767 absolvam,
2104 2728 2224 2761 verita-

255 2789 324 2820 tuu
337 2795 400 2818 non
413 2785 444 2817 iu
465 2783 634 2816 formandis
655 2783 945 2824 componendisque
965 2783 1128 2815 sententiis
1149 2783 1268 2815 versari
1288 2786 1441 2822 autumat,
1462 2782 1521 2815 sed
1541 2782 1758 2814 sublimiorem
1779 2791 1861 2820 esse,
1882 2790 1977 2821 quam
1997 2784 2035 2812 ut
2055 2781 2152 2813 certis
2174 2781 2223 2813 di-

256 2838 317 2870 ctis
333 2841 366 2870 et
386 2837 526 2870 formulis
546 2836 647 2878 possit
666 2836 819 2875 coerceri,
841 2839 874 2867 et
894 2835 1020 2868 elucere
1041 2845 1083 2866 ex
1104 2835 1206 2867 solida
1227 2835 1341 2867 mentis
1363 2839 1396 2867 et
1417 2835 1607 2875 cognitionis
1630 2834 1909 2875 contemplatione,
1930 2842 2015 2873 quae
2037 2842 2134 2872 supra
2156 2832 2222 2864 sor-

255 2891 410 2922 mulanun
431 2889 659 2931 etsyllogismi
678 2888 840 2930 regionem
859 2897 932 2920 sese
953 2887 1102 2928 extollat3
1131 2886 1171 2921 cf.
1192 2886 1336 2928 Metaph.
1357 2886 1406 2927 X,
1436 2889 1467 2919 3.
1501 2888 1650 2920 eximium
1675 2887 1717 2918 de
1744 2883 1966 2927 philosophica
1985 2885 2120 2918 scientia
2141 2884 2222 2917 defi-

253 2942 370 2974 nienda
391 2943 515 2982 locum,
536 2942 590 2974 ubi
611 2941 794 2974 dialecticae
826 2940 859 2973 id
880 2949 1047 2973 commuue
1068 2934 1140 2971 esse
1162 2939 1275 2972 dicitur
1296 2930 1368 2972 c‘um
1388 2938 1571 2980 sophistica,
1595 2940 1680 2980 quod
1701 2938 1741 2970 ad
1762 2938 1867 2979 ipsum
1887 2948 1949 2969 ens
1970 2947 2035 2969 uon
2055 2937 2221 2978 pervadat,

253 2993 313 3025 sed
335 2994 472 3034 dignitas
500 2995 583 3027 illius
603 2994 708 3028 multis
728 2993 807 3028 locis
828 2992 1000 3027 vindicatur
1020 2996 1054 3025 et
1072 2991 1288 3033 sophistarum
1309 2993 1479 3034 opponitur
1499 2991 1691 3033 indignitati,
1711 2993 1750 3023 ut
1769 2990 1812 3023 dc
1829 2988 2012 3032 reprehens.
2024 2988 2115 3029 soph.
2129 2989 2156 3027 1,
2170 2991 2219 3019 ιο.

254 3045 428 3086 metaphys.
450 3046 518 3085 111,
538 3050 570 3078 2.
617 3052 628 3059 ’
