2457 3375
1152 246 1201 292 ’8

155 394 232 445 ipsl
258 374 601 444 enim‘philosophi
621 388 702 439 jam
738 387 881 439 dudum
906 389 1057 439 patriae
1079 393 1219 429 statum
1246 389 1540 440 desperaverant
1558 382 1635 442 ¹⁶),
1672 390 1713 428 et
1738 398 1785 435 ex
1811 400 1889 439 quo
1914 393 2128 444 temporum
2150 402 2216 444 nc·

156 467 317 507 cessitas
352 469 392 505 et
424 463 620 503 dialectica
645 463 788 515 ingenii
813 463 965 502 humani
990 464 1047 501 vis
1073 465 1285 514 patriorum
1312 464 1479 502 Deorum
1504 463 1713 514 infregerat
1732 466 1975 514 potestatem,
2000 467 2173 505 morbum
2198 477 2222 503 a

158 551 204 580 se
242 539 393 590 quidem
434 537 713 587 quodammodo
752 540 928 588 poterant
964 536 1172 574 defendere
1207 538 1399 586 sapientes
1423 537 1516 584 viri,
1563 537 1629 587 qui
1655 549 1684 573 a
1701 537 1873 574 civilibus
1899 540 2062 589 negotiis
2086 539 2225 577 moti

156 614 315 657 salutem
349 605 422 648 sibi
458 615 499 648 et
531 612 685 648 virtutis
712 613 811 648 vires
840 622 886 647 ex
913 612 1130 659 cognitione
1156 611 1237 647 veri
1265 614 1517 658 quaererent,
1558 609 1747 648 communi
1772 612 1962 649 civitatum
1987 614 2121 650 morbo
2144 625 2223 656 non

154 688 331 736 poterant
355 685 515 723 mederi.
558 710 565 715 ι
591 685 646 722 Ut
670 689 797 723 autem
824 685 987 722 omnium
1024 685 1135 722 animi
1171 683 1291 721 avulsi
1326 686 1434 721 erant
1459 695 1483 721 a
1506 682 1739 733 reipublicae
1764 697 1856 723 cura
1880 697 1924 723 ac
1949 687 2221 732 communione,

154 761 207 797 ita
233 745 481 808 philosophia
509 769 665 807 quoque
692 759 737 795 ab
765 758 940 795 universa
965 759 1065 804 vita,
1093 758 1269 795 divinitus
1294 756 1410 794 rebus
1438 756 1610 794 omnibus
1636 759 1678 794 et
1702 757 1944 796 societatibus
1968 755 2141 797 humanis
2161 760 2221 797 iu-

153 834 250 879 sita,
295 830 395 883 quae
430 833 513 870 sola
538 843 628 869 vers
653 832 825 871 habenda
860 837 933 879 est,
959 836 1124 871 mentem
1150 832 1277 882 coepit
1301 831 1349 869 ad
1374 843 1418 869 se
1442 831 1563 881 ipsam
1587 841 1770 869 revocare
1795 835 1836 871 et
1860 833 2029 882 angustis
2053 819 2227 871 internae

152 908 255 945 vitae
279 908 418 944 finibus
453 906 676 952 includere3
725 910 765 944 et
791 918 877 945 cum
901 907 1115 945 Academici
1140 910 1181 944 et
1205 905 1449 956 Peripatetici
1473 905 1514 942 in
1538 903 1687 942 formali
1711 904 1979 955 philosophiae
2011 910 2121 957 parte
2155 917 2221 944 ex-

156 980 316 1019 colenda
342 979 625 1026 substitissent,
667 983 802 1018 enatae
828 983 918 1018 sunt
943 980 1222 1031 Epicureorum
1250 983 1290 1016 et
1315 978 1530 1016 Stoicorum
1556 980 1705 1023 sectae,
1745 986 1867 1026 quae,
1903 980 2069 1027 quamvss
2095 979 2220 1017 diver·

152 1053 309 1090 sissimis
335 1053 407 1089 viis
433 1052 680 1099 incedentes,
724 1053 819 1090 nihil
854 1055 1046 1103 antiquius
1081 1053 1268 1089 habebant
1293 1055 1333 1089 et
1358 1052 1480 1088 libero
1506 1051 1661 1088 homIne
1686 1051 1851 1100 dignius,
1877 1050 1974 1088 falsa
1997 1054 2083 1106 ista,
2111 1065 2223 1101 quam

154 1127 419 1177 opinabantur,
447 1126 624 1164 libertate
643 1127 794 1171 mentis,
822 1127 924 1164 nulla
948 1139 1077 1165 rerum
1104 1126 1333 1164 necessitate
1357 1128 1483 1163 motae
1508 1128 1550 1163 et
1573 1135 1791 1163 concussae.
1844 1123 1923 1162 Sed
1946 1125 2016 1171 illi,
2042 1135 2224 1165 sensuum

82 1232 88 1244 .-
151 1201 301 1250 judicio
327 1199 420 1236 freti
447 1203 487 1237 et
512 1200 552 1237 in
569 1200 630 1237 his
652 1198 775 1236 omnia
800 1200 1036 1236 invenientes
1060 1200 1143 1236 veri
1171 1199 1348 1243 criteria,
1390 1198 1514 1234 minus
1539 1199 1721 1235 curabant
1757 1197 1991 1235 dialecticam
2015 1202 2134 1236 artem
2153 1197 2221 1249 υ);

154 1274 196 1310 hi
224 1272 432 1310 utebantur
458 1274 612 1321 quidem
639 1285 698 1318 ea,
724 1277 768 1309 ut
794 1284 949 1317 summa,
978 1284 1075 1320 quae
1100 1273 1345 1317 invenerant,
1383 1282 1523 1320 genera
1548 1271 1590 1309 in
1613 1273 1697 1309 tota
1720 1282 1849 1309 rerum
1876 1274 1916 1309 et
1941 1271 2221 1322 disciplinarum

151 1348 402 1387 universitate
420 1350 637 1385 constanter
651 1358 852 1384 recurrere
880 1346 1139 1392 ostenderent,
1168 1346 1281 1396 eique
1308 1344 1420 1383 simul
1446 1344 1655 1383 arctissime
1681 1343 1929 1382 annectehaut
1953 1348 2072 1383 artem
2095 1357 2220 1396 gram-

151 1422 324 1460 msticam
338 1418 414 1473 ¹⁸),
450 1420 519 1457 sed
545 1420 665 1457 multo
692 1419 913 1458 inferiorem
940 1419 977 1459 ei
1002 1420 1249 1471 adsignabant
1273 1419 1468 1470 regionem
1496 1418 1536 1456 in
1562 1417 1804 1469 pbilosophis
1828 1429 1919 1466 sua,
1947 1430 2058 1469 quam
2084 1431 2107 1457 a
2132 1418 2220 1456 Pla—

152 1501 247 1536 toue
272 1496 435 1534 vidimus
465 1494 588 1533 fuisse
627 1494 842 1533 institutum
862 1490 929 1546 ⁸⁹).

155 1632 202 1672 ¹0)
225 1631 333 1663 Testis
356 1635 406 1662 est
428 1630 524 1660 Plato
537 1653 546 1666 ,
570 1629 622 1667 qui
644 1637 716 1661 cum
737 1630 985 1669 perversitatem*
1006 1633 1040 1661 et
1061 1629 1263 1662 immodicam
1283 1629 1443 1662 licentiam
1464 1628 1611 1669 publicae
1636 1626 1872 1660 Atheniensium
1896 1627 1981 1660 vitae
2003 1627 2218 1668 cognovisset,

237 1691 347 1716 verum
369 1679 590 1723 philosophum
613 1680 785 1721 descripsit
806 1681 909 1713 civilia
944 1681 1076 1722 negotia
1106 1682 1210 1713 minus
1241 1685 1405 1714 curantem
1426 1684 1460 1713 et
1487 1684 1591 1713 totum
1619 1680 1651 1712 in
1679 1679 1878 1720 exploranda
1905 1679 2040 1711 veritate
2070 1679 2219 1717 defixum,

235 1736 268 1768 ia
289 1735 362 1767 loco
384 1734 591 1766 celeberrimo
614 1732 804 1772 Theaeteti‚
826 1742 858 1773 p.
881 1736 1068 1772 172-77,
1094 1737 1127 1765 et
1147 1733 1353 1774 philosophos
1375 1733 1540 1774 perfectae
1562 1732 1679 1765 civitati
1700 1731 1932 1773 praeficiendos
1954 1740 2027 1763 esse
2047 1731 2220 1764 identidem

178 1822 182 1827 ‚
239 1795 377 1819 monens
399 1786 582 1827 desperavit
602 1785 751 1823 omnino,
773 1794 883 1816 veram
903 1785 1149 1825 rempublicam,
1172 1786 1296 1825 qualem
1319 1786 1424 1818 auimo
1446 1785 1506 1816 sibi
1526 1785 1681 1823 tinxerat,
1703 1784 1735 1816 in
1758 1783 1933 1824 depravato
1955 1783 2094 1816 omnium
2113 1793 2222 1816 rerum
2288 1800 2293 1804 f

239 1843 328 1871 statu
349 1847 446 1877 posse
467 1837 624 1870 constitui.
667 1837 860 1869 Aristoteles
886 1845 1013 1875 quoque
1034 1836 1243 1869 theoreticam
1262 1837 1441 1878 philosophi
1471 1838 1569 1868 vitam
1590 1837 1690 1868 multo
1712 1836 1929 1868 sublimiorem
1941 1840 2038 1875 atque
2053 1837 2220 1877 angustio-

240 1899 310 1922 rem
328 1898 400 1921 esse
422 1891 533 1921 censet
554 1888 618 1919 vita
630 1910 641 1927 ‚
663 1896 759 1928 quam
781 1887 857 1921 dicit
877 1888 1069 1930 practicam,
1093 1891 1127 1920 et
1147 1888 1297 1930 politicae
1317 1888 1424 1920 virtuti
1444 1888 1627 1921 inferiorem
1648 1896 1748 1928 quam
1768 1887 1965 1920 theoreticae
1984 1888 2091 1921 locum
2111 1889 2221 1920 tribuit

241 1943 272 1973 iu
296 1940 359 1972 eth.
382 1939 509 1972 Nicom.
531 1939 582 1979 X,
603 1942 634 1971 7.
1624 1957 1633 1963 ·

155 2024 199 2065 ¹')
224 2024 398 2064 Epicurum
421 2023 639 2060 dialecticam,
661 2032 758 2061 quam
778 2031 1048 2063 supervacaneam
1070 2032 1144 2054 esse
1165 2023 1345 2063 putaverit,
1366 2023 1526 2062 sprevisse
1545 2027 1657 2054 narrat
1676 2022 1773 2063 Diog.
1795 2022 1905 2054 Laert-
1926 2022 1977 2061 X,
1998 2024 2051 2055 32.
2072 2032 2136 2063 quo
2157 2026 2221 2057 cri--

236 2078 324 2110 minc
346 2086 419 2109 eum
439 2075 577 2108 liberare
598 2074 707 2109 studet
728 2074 847 2109 Sextus
867 2074 989 2117 Empir.
1011 2074 1081 2109 adv.
1103 2074 1168 2117 log.
1189 2074 1228 2115 Ι,
1257 2075 1308 2110 14.
1336 2076 1369 2108 et
1389 2074 1531 2117 logicam
1552 2073 1737 2108 Stoicorum
1766 2077 1891 2107 tantmn
1921 2073 2106 2117 repudiasse
2127 2075 2221 2117 dicit;

240 2129 300 2159 s'ed
321 2136 513 2167 quamquam
533 2127 673 2166 iogicam
701 2128 839 2166 aliquam
866 2128 1134 2159 introductionem
1163 2128 1366 2167 praemisisse
1393 2127 1554 2167 putandus
1586 2131 1638 2157 est
1664 2127 1751 2157 libris
1772 2127 1838 2158 suis
1866 2126 2004 2166 physicis
2031 2132 2065 2159 et
2098 2129 2220 2166 ethicis,

241 2185 385 2225 (scripsit
406 2184 490 2216 enim
511 2187 595 2216 teste
618 2184 733 2217 eodem
754 2184 901 2225 Diogene
922 2184 971 2224 X,
993 2186 1045 2216 30.
1067 2174 1285 2218 κανονικόν
1295 2207 1307 2224 ‚
1342 2185 1409 2217 sive
1441 2183 1484 2217 de
1505 2182 1666 2224 criteriis)
1695 2182 1895 2219 dialecticam
1922 2184 2050 2219 omnino
2079 2188 2220 2229 expellit,

242 2242 297 2281 qui
318 2250 448 2272 sensum
469 2241 572 2272 solum
593 2241 658 2273 veri
680 2240 803 2273 fontem
824 2241 957 2281 statuit3
988 2251 1091 2281 quare
1110 2241 1180 2272 libri
1204 2241 1273 2282 ejus
1295 2241 1438 2273 canonici
1457 2240 1596 2282 physicis
1617 2240 1712 2281 vulgo
1743 2239 2015 2282 adjungebantur,
2046 2247 2080 2276 et
2100 2245 2169 2285 ipse
2189 2247 2221 2277 in

241 2293 424 2333 vulgaribus
445 2301 551 2324 rerum
571 2293 734 2324 vocabulis
756 2293 907 2333 physicos
929 2294 1139 2333 acquiescere
1160 2303 1258 2334 posse
1280 2294 1360 2325 dixit
1380 2295 1401 2325 l.
1424 2295 1444 2325 Ι.

155 2376 201 2417 ¹⁹)
225 2375 466 2416 Philosophiam
483 2375 724 2417 Chrysippeam,
746 2385 829 2416 quae
842 2386 922 2417 prae
940 2377 1056 2409 ceteris
1080 2376 1264 2409 Stoicorum
1283 2377 1368 2408 libris
1393 2377 1559 2409 dialectica
1586 2377 1615 2407 vi
1638 2376 1808 2417 excelluit,
1835 2378 2041 2417 sagacissime
2063 2379 2094 2412 in
2125 2380 2220 2414 vitam

242 2429 403 2461 revocavit
423 2428 581 2461 Petersan
599 2429 630 2460 in
649 2429 731 2461 libro
754 2429 925 2469 inscriptos
961 2428 1204 2473 Philosophiae
1225 2429 1455 2474 Chrysippeos
1459 2426 1708 2473 fundamenta,
1725 2428 1842 2461 Humi».
1862 2432 1942 2461 1827
1952 2454 1962 2468 ,
1986 2432 2018 2463 in
2036 2442 2099 2472 quo
2115 2432 2220 2466 delo-

242 2490 303 2517 co,
322 2488 415 2518 quem
433 2480 475 2511 ibi
492 2481 632 2512 tenuerit
650 2480 838 2519 dialectica,
852 2481 1012 2521 disputat,
1031 2490 1063 2521 p.
1082 2484 1133 2513 24.
1149 2491 1238 2522 seqq.
1256 2482 1373 2515 Mirum
1391 2487 1459 2521 est,
1485 2486 1605 2522 quanta
1624 2491 1697 2514 cum
1719 2482 1900 2514 constantia
1923 2484 2059 2516 eundem
2084 2490 2218 2527 catego-

241 2531 360 2562 riarum
376 2530 633 2563 schematismum
651 2532 815 2572 sagaciter
835 2528 1053 2573 excogitatum
1067 2542 1125 2574 per
1145 2543 1256 2565 omnes
1273 2533 1493 2575 philosophiae
1509 2537 1620 2574 partes
1638 2541 1767 2565 servare
1784 2533 1940 2565 intellexit
1958 2533 2162 2577 Chrysippus.

159 2613 205 2655 10)
224 2614 361 2646 Videtur
381 2613 558 2646 communis
579 2614 675 2647 fuisse
695 2615 835 2648 omnium
849 2604 1033 2649 Stoicorum
1050 2617 1228 2656 sententia,
1250 2616 1452 2650 dialecticam
1469 2625 1541 2649 eam
1559 2625 1631 2649 esse
1655 2615 1781 2657 logicae
1796 2620 1939 2658 partem,
1966 2625 2049 2656 quae
2075 2624 2218 2655 versetur

245 2666 275 2696 in
293 2666 439 2698 oratione
457 2666 500 2697 ad
519 2666 713 2697 definiendas
731 2668 879 2699 notiones
900 2672 933 2700 et
952 2669 993 2700 ad
1006 2669 1170 2709 judicandi
1186 2669 1457 2709 concludendique
1474 2669 1615 2700 rationes
1634 2669 1718 2700 bene
1736 2667 2027 2707 accommodanda}
2047 2670 2103 2710 (οἱ
2121 2673 2217 2715 Diog

246 2715 355 2748 Laert.
377 2717 458 2755 vn,
479 2718 532 2749 4³.
555 2718 608 2749 84.
631 2719 701 2749 189.
719 2727 807 2758 seqq.
825 2719 984 2752 Peterson
1005 2730 1036 2761 p.
1054 2720 1124 2761 25.)
1142 2721 1187 2752 ita
1206 2725 1241 2753 ut
1258 2721 1358 2753 tribus
1375 2720 1519 2762 partibus
1535 2729 1588 2752 ars
1608 2720 1715 2761 logica
1735 2720 1939 2758 absolvatur,
1966 2723 2218 2762 propaedeutica.

246 2771 288 2805 de
306 2772 371 2803 veri
388 2771 521 2813 falsique
546 2773 681 2806 criteriis
704 2777 736 2805 et
754 2776 872 2814 regulis
895 2779 928 2807 et
954 2776 995 2807 de
1023 2777 1189 2808 notionum
1213 2778 1394 2811 definitione
1421 2777 1605 2817 disciplina,
1639 2767 1877 2822 (κανονικόν
1890 2780 1930 2810 et
1953 2768 2114 2826 ὁρικόν)
2135 2792 2219 2822 quae

244 2826 364 2859 nostris
388 2823 563 2860 hominibus
583 2833 634 2861 est
651 2828 850 2870 philosophia
867 2830 1131 2870 fundamentalis,
1150 2832 1334 2873 dialectica,
1366 2842 1449 2873 qnae
1465 2836 1534 2864 arte
1561 2835 1770 2875 grammatica
1794 2837 1903 2867 utatur
1929 2834 1972 2867 ad
1994 2839 2219 2871 exstruendum

245 2883 411 2917 notionum
438 2883 758 2926 syllogismorumque
790 2885 990 2927 aedificium,
1021 2886 1260 2928 (complectitur
1285 2889 1376 2923 locos
1397 2882 1496 2939 περὶ
1516 2882 1800 2940 σημαινόντων
1814 2884 1886 2926 καὶ
1903 2885 2003 2942 περὶ
2019 2901 2218 2944 σημαινο-

249 2937 326 2988 μέν
328 2952 401 2984 ων,
428 2944 623 2978 Petersanl.
637 2947 676 2987 1.)
696 2945 856 2980 rhetorica
874 2947 1029 2988 denique,
1049 2958 1131 2988 quae
1144 2949 1310 2983 intellectis
1318 2952 1398 2992 lJam
1417 2953 1570 2985 orationis
1594 2954 1754 2995 principiis
1780 2954 1842 2988 hoc
1858 2955 2064 2991 instrumento
2084 2957 2125 2991 ad
2142 2966 2218 2998 per-
