2457 3375
1209 232 1237 277 5

199 374 236 410 si>
261 365 348 421 «iuis
366 372 463 410 velit
492 383 747 423 cognoscere,
782 372 974 421 simplices
1009 370 1096 421 ejus
1121 370 1262 410 formas
1287 384 1359 423 per
1385 383 1531 412 omnem
1556 383 1685 412 rerum
1721 377 1892 413 naturam
1926 373 2020 413 mira
2047 375 2250 424 aequabili-

198 427 437 483 tateeernet
460 436 725 491 recurrentes,
751 444 822 483 sed
845 445 920 491 lta,
946 446 990 481 ut
1015 456 1038 482 a
1060 444 1343 495 simplicissimis
1369 445 1484 484 initiis
1506 446 1680 496 protecta
1709 448 1978 498 contemplatio
2004 449 2179 488 notiones
2205 449 2252 485 ad

196 504 384 568 majorem
409 529 558 569 semper
583 518 763 574 ambitum
789 520 830 555 et
852 518 927 555 vim
952 517 1223 557 adscendentes
1259 522 1299 557 et
1323 518 1490 569 graviori
1514 524 1735 568 argumento
1760 522 1927 571 repletas
1954 525 2172 572 cognoscat.

344 602 398 640 Et
422 602 477 640 sic
502 613 601 651 opus
629 599 867 639 dialecticum
894 601 974 651 egit
999 601 1152 650 quidem
1175 602 1479 652 perfectissime,
1505 601 1576 639 sed
1601 613 1678 639 uon
1702 603 1755 640 ita
1773 604 1958 653 absolvit,
1984 609 2029 643 ut
2053 605 2096 643 in
2121 607 2253 654 partae

199 675 306 725 qussi
330 675 511 714 victoriae
535 673 649 711 laude
674 676 714 711 et
731 674 912 712 memoria
936 660 1249 724 acquiescendum
1273 674 1413 712 fuisset
1438 675 1743 721 'successoribus3
1784 678 1963 716 servanda
1987 678 2117 729 potius
2145 657 2253 715 eran't

197 755 237 788 et
262 749 434 802 augenda
457 751 651 798 reportata
676 760 724 787 ex
748 748 816 787 illa
841 749 949 787 bona.
1000 749 1097 797 ἔω,
1125 748 1350 799 quamquam
1367 749 1514 787 nonita
1538 761 1742 799 possumus
1767 761 1884 788 unum
1909 751 2126 791 dialecticae
2152 762 2251 802 opus

196 823 242 865 ab
269 822 344 859 allo
377 832 576 870 separare,
621 825 666 858 ut
691 832 789 868 non,
826 823 1042 871 quicunque
1067 825 1186 860 artem
1211 822 1314 860 illam
1338 833 1430 860 vere
1456 822 1576 868 colat,
1602 826 1737 861 cuncta
1763 824 1799 863 ei
1825 824 1936 861 simul
1963 826 2133 864 obeunda
2159 826 2250 868 sint,

195 888 334 949 acriter
366 897 492 932 tamen
534 895 771 932 attendentes
799 894 846 932 ad
872 894 1103 935 Platonicam
1124 895 1331 942 rationem,
1365 895 1407 932 in
1447 895 1573 945 primo
1603 908 1689 933 eum
1724 897 1943 934 dialecticae
1978 910 2134 935 munere
2159 882 2250 946 per·

195 968 342 1018 agendo
368 978 441 1017 per
464 968 658 1005 maximam
683 968 783 1005 vitae
807 971 952 1017 partem
976 969 1208 1007 invenimus
1235 969 1473 1016 elaborasse,
1515 972 1556 1007 et
1580 973 1765 1018 perpetua
1790 982 1859 1008 sua
1884 982 2059 1009 errorum
2086 971 2251 1008 omnium

194 1047 416 1090 temereque
450 1041 731 1090 propositorum
776 1040 1046 1090 dijudicatione
1078 1040 1207 1079 fontes
1244 1044 1284 1079 et
1319 1053 1489 1091 campum
1525 1043 1751 1091 cognitionis
1787 1044 1985 1081 universae
2020 1043 2251 1086 ostendisse,

195 1104 297 1153 unde
315 1114 356 1152 in
372 1114 512 1151 ultimis
529 1114 687 1163 dialogis
712 1114 922 1163 pervadere
947 1114 1075 1163 coepit
1099 1114 1146 1151 sd
1170 1114 1290 1163 ipsam
1315 1115 1511 1152 veritatem
1538 1113 1871 1167 explicandam¹¹).
1903 1115 2130 1154 Aristoteles
2156 1126 2251 1153 vero

194 1189 352 1227 alterum
380 1187 546 1225 officium
570 1187 889 1238 praestantissime
913 1187 1084 1238 peregit,
1133 1190 1177 1225 ut
1210 1190 1331 1225 totum
1357 1188 1592 1226 describeret
1618 1189 1813 1226 notionum
1838 1189 2013 1227 ambitum
2040 1192 2080 1227 et
2112 1187 2249 1226 delini·

194 1266 275 1307 ret,
309 1265 370 1307 et,
405 1274 489 1299 cum
514 1261 625 1298 Plato
661 1260 959 1298 luculentissime
985 1260 1245 1309 exposuisset,
1282 1261 1424 1309 ubique
1448 1262 1645 1299 veritatem
1672 1262 1861 1311 conspici,
1897 1266 1937 1300 et
1971 1262 2019 1300 ad
2055 1255 2247 1299 sublimio·

192 1347 272 1374 rem
302 1335 430 1386 legem
465 1333 694 1373 revocandas
721 1345 809 1371 esse
832 1345 896 1372 res
922 1332 1138 1371 manifestas
1175 1337 1214 1371 et
1249 1334 1496 1383 conspicuas,
1532 1334 1617 1384 ipse
1644 1346 1742 1383 quae
1778 1335 1830 1372 sit
1865 1334 1904 1372 in
1936 1335 2096 1385 singulis
2132 1333 2248 1371 rebus

194 1410 333 1448 veritas
370 1409 548 1447 ostendit.
630 1407 699 1445 Uti
745 1409 870 1444 autem
915 1417 1099 1444 summum
1135 1407 1277 1444 bouum
1323 1407 1438 1444 finem
1483 1419 1569 1444 esse
1614 1409 1777 1445 omnium
1811 1408 2067 1453 intellexerat,
2099 1418 2247 1444 rerum-

196 1496 270 1532 que
297 1487 464 1520 naturam
491 1486 531 1519 et
555 1482 677 1531 ipsam
701 1480 814 1517 vitam
840 1482 956 1529 atque
981 1480 1137 1517 animam
1162 1481 1275 1518 insito
1301 1481 1349 1517 iis
1376 1481 1535 1518 consilio
1561 1482 1645 1531 regi
1671 1493 1714 1519 ac
1738 1481 1905 1527 moveri,
1937 1466 2047 1531 cujus
2072 1471 2162 1518 vera
2186 1492 2247 1516 ra-

194 1558 249 1594 tio
277 1557 328 1594 sit
351 1557 435 1605 ipsa
458 1552 653 1606 mens¹²),
702 1554 757 1592 ita
782 1545 830 1592 ad
855 1556 1019 1592 mentem
1046 1553 1169 1592 omnia
1192 1564 1373 1592 revocare
1391 1553 1543 1603 ¹studuit
1568 1554 1802 1593 stabiliendis
1828 1557 1868 1592 et
1893 1553 2152 1593 discernendis
2178 1563 2248 1591 no-

194 1712 241 1753 ¹¹)
264 1709 361 1745 Quod
382 1712 504 1742 mutata
525 1716 653 1749 quoque
675 1707 875 1749 dialogorum
896 1696 1042 1741 oratione
1063 1706 1221 1748 ostendit3
1251 1684 1374 1739 videtur
1394 1706 1478 1738 enim
1500 1705 1688 1740 dialecticae
1710 1707 1833 1740 formae
1848 1708 1960 1749 jugum
1975 1707 2088 1739 invitm
2108 1707 2247 1738 fen-erin

277 1762 415 1796 Philebo
437 1765 470 1793 et
488 1761 521 1792 in
542 1760 630 1792 libris
645 1759 695 1792 'de
714 1760 896 1802 republica,
920 1759 1025 1794 donec
1044 1769 1109 1794 uno
1141 1760 1210 1793 sere
1238 1759 1396 1792 sermonis
1423 1759 1551 1792 flumine
1572 1758 1740 1792 Timaeum
1768 1759 1846 1792 facit
1865 1759 2028 1802 physicam
2048 1758 2246 1801 disciplinam

276 1817 486 1848 enarrantem.

192 1900 236 1941 ¹²)
258 1898 363 1933 Quale
380 1896 441 1928 sibi
462 1904 543 1938 opus
564 1894 772 1938 proposuerit*
785 1894 996 1934 Aristoteles,
1013 1895 1083 1937 Jam
1101 1895 1136 1928 in
1153 1894 1225 1937 ipsa
1243 1893 1532 1936 metaphysicomm
1551 1895 1702 1927 librorum
1723 1894 1829 1927 fronte
1848 1894 1979 1933 indicat,
2001 1899 2038 1927 ut
2058 1903 2187 1927 eausam
2201 1894 2245 1924 si-

275 1956 341 1987 mul
360 1958 396 1986 et
415 1954 512 1986 finem
530 1955 637 1984 rerum
658 1951 800 1984 omnium
824 1955 1019 1992 cognoscat,
1042 1944 1107 1994 (τὸ
1130 1939 1244 1986 δὶότι
1269 1943 1342 1985 καὶ
1355 1944 1431 1999 τὴν
1447 1943 1588 1987 αἰτίαν
1605 1943 1828 1999 γνωρίζειν,
1853 1955 1928 1983 met.
1949 1951 1977 1990 1,
1999 1951 2046 1990 1.)
2062 1949 2150 1982 etad
2163 1949 2245 1981 banc

278 2012 436 2045 rationem
455 2009 589 2052 physica
608 2010 715 2042 omnia
736 2013 770 2041 et
790 2007 1017 2050 psyehologica
1036 2008 1258 2051 phaenomena
1278 2018 1405 2051 semper
1425 2009 1540 2050 dirigit.
1583 2010 1688 2043 Quam
1706 2008 1826 2040 'summi
1848 2007 1923 2039 boni
1943 2006 2105 2039 notionem
2133 2005 2246 2037 animis

257 2060 477 2099 ‘informatam
498 2062 695 2102 excitaverat
715 2061 834 2103 primus
854 2061 1028 2100 Socrates,
1048 2060 1147 2093 Plato
1167 2070 1225 2103 per
1245 2070 1358 2093 omnes
1378 2061 1569 2102 cognitionis
1600 2061 1717 2102 gradus
1745 2064 1932 2102 persecutus
1963 2057 2147 2100 opinionum
2168 2066 2245 2099 per-

278 2117 431 2150 versitate
451 2117 667 2157 purgaverat,
689 2122 761 2145 eam
777 2113 847 2154 jam
866 2113 1027 2146 inventam
1046 2113 1235 2145 Aristoteles
1255 2113 1298 2145 ab
1319 2113 1405 2146 omni
1425 2117 1518 2155 parte
1541 2114 1701 2152 excoluit,
1723 2117 1757 2143 et
1776 2112 1954 2143 universam
1982 2110 2014 2142 ei
2033 2110 2248 2156 superstruxit

277 2170 417 2203 ethicam
439 2174 473 2202 et
493 2167 658 2209 physicam
675 2166 892 2208 disciplinam3
920 2175 1019 2206 quase
1039 2170 1174 2206 utraque
1194 2167 1225 2198 in
1245 2172 1353 2198 mente
1374 2170 1408 2199 et
1427 2167 1459 2199 in
1479 2166 1549 2209 ipso
1571 2166 1642 2199 Deo
1664 2164 1846 2203 absolvitur,
1868 2161 2020 2204 (egregia
2034 2165 2107 2194 sunt
2120 2165 2154 2194 et
2167 2170 2244 2204 pro-

238 2212 240 2214 *
273 2222 361 2254 fecto
381 2220 488 2253 divina
509 2219 577 2259 ejus
599 2217 685 2251 dicta
706 2218 748 2250 de
767 2227 844 2251 vena
863 2217 996 2251 hominis
1018 2217 1173 2259 digm‘tatc
1194 2214 1291 2259 atq‘ue
1310 2218 1564 2258 immortalitate,
1592 2217 1763 2249 dummodo
1790 2216 1908 2249 relictis
1937 2214 2079 2246 humanis
2100 2214 2245 2245 mortali-

273 2274 398 2313 busdue
417 2272 514 2303 rebus
536 2271 578 2302 ad
598 2270 704 2302 Deum
724 2270 844 2302 audeat
861 2271 1008 2310 evolare,
1030 2274 1064 2302 et
1084 2270 1260 2303 secundm
1279 2268 1552 2313 purammentcm
1573 2270 1680 2302 vivens
1701 2277 1798 2311 supra
1824 2276 1861 2299 se
1887 2267 1990 2308 ἰρειιιι
2010 2266 2101 2306 quasi
2127 2275 2243 2297 asceu-

274 2331 368 2370 deoe,
392 2327 455 2361 eth.
476 2327 603 2361 Nicom.
624 2327 673 2360 X.
693 2330 714 2362 7
734 2343 780 2351 -
799 2329 830 2360 9.
859 2330 893 2359 et
917 2326 1054 2359 Eadem.
1074 2326 1152 2366 Vll,
1182 2329 1232 2360 15.
1252 2327 1307 2359 ubi
1337 2336 1435 2375 aurea
1456 2327 1589 2368 legimus
1609 2326 1727 2359 verbaz
1758 2314 1835 2360 οὒκ
1862 2316 2143 2364 ἐπιτακτικῶς
2168 2311 2243 2370 ‹²1¹9-

273 2401 356 2438 χων
373 2381 396 2425 ὅ
421 2383 525 2431 θεὸς
540 2380 628 2423 ἀλλ’
655 2376 705 2426 οὗ
724 2381 844 2423 ἕνεκα
862 2380 887 2438 ἧ
908 2380 1138 2438 <pods-qaae,-
1181 2389 1323 2421 similiter
1351 2389 1384 2422 ἰιι
1413 2394 1528 2422 natura
1556 2389 1660 2421 Deum
1687 2387 1807 2420 invenit
1826 2390 1989 2418 aeternum
2021 2388 2056 2416 et
2076 2384 2241 2416 inmotum

273 2458 377 2489 motus
396 2451 598 2494 principium,
619 2448 709 2491 phys.
730 2449 829 2489 vm,
848 2451 880 2482 5.
901 2450 988 2492 seq.)
1010 2455 1045 2483 et
1063 2460 1144 2493 pura
1164 2451 1284 2483 sistitur
1304 2451 1397 2483 vitae
1417 2451 1521 2489 notio,
1538 2454 1575 2482 at
1595 2451 1637 2481 sit
1657 2440 1904 2489 ἐντελέχεια,
1928 2445 1949 2476 i.
1969 2454 1999 2476 e.
2020 2444 2083 2496 '2⁵⁸’
2105 2453 2188 2483 quae
2209 2444 2242 2476 in

276 2513 314 2535 se
334 2500 403 2542 ipsa
424 2498 518 2529 finem
539 2496 587 2528 sui
608 2494 746 2534 habeat,
769 2504 833 2535 qua
852 2495 981 2528 inventa
1002 2497 1112 2531 enasci
1132 2496 1261 2529 denum
1281 2500 1410 2539 poterat
1436 2500 1588 2530 constans
1612 2495 1671 2527 sibi
1702 2498 1733 2526 et
1758 2501 1832 2524 vere
1863 2487 2080 2533 philo-opines
2106 2492 2242 2521 naturae

274 2549 509 2592 contemplatio.
531 2546 589 2588 (cf.
612 2547 652 2578 de
673 2547 778 2577 anima
798 2546 833 2585 I,
854 2549 885 2578 1.
905 2546 996 2588 phys.
1017 2547 1065 2585 11,
1086 2551 1120 2579 8.-
1139 2548 1204 2586 111,
1226 2551 1275 2586 1.,
1296 2549 1350 2588 qui
1371 2548 1435 2580 loci
1455 2552 1528 2579 sunt
1549 2547 1690 2584 classici,
1712 2554 1786 2576 nam
1807 2552 1921 2582 omnes
1946 2540 2063 2583 physici
2077 2540 2149 2580 ejus
2169 2541 2255 2572 librix

277 2603 412 2638 adhunc
432 2600 564 2633 tendunt
574 2598 686 2639 finem)
697 2598 742 2631 Et
755 2598 800 2631 uti
811 2597 983 2639 jamPlato
1003 2598 1036 2630 in
1056 2588 1191 2632 Philer
1212 2608 1329 2638 rerum,
1351 2608 1431 2640 quas
1452 2596 1688 2640 comprehendit
1708 2595 1887 2643 cogitatio,
1902 2592 2115 2635 triplicitatem
2135 2600 2240 2631 quau-

274 2659 348 2691 dam
368 2656 547 2691 invenerat,
570 2660 652 2692 quae
668 2660 790 2683 summo
810 2650 899 2683 bono
919 2653 1081 2691 tamquam
1109 2654 1223 2691 quarto
1245 2652 1463 2691 communiqxie
1483 2649 1627 2682 membro
1649 2649 1886 2685 conciliaretur,
1906 2647 1950 2676 ita
1970 2644 2160 2676 Aristoteles
2182 2655 2241 2676 ea-

277 2711 351 2742 dem
372 2708 440 2739 rere
462 2704 662 2746 cogitationis
684 2708 815 2735 aeterna
836 2703 1041 2734 fundanienta
1061 2707 1132 2735 tota
1150 2703 1182 2735 in
1203 2702 1401 2743 philosophia
1422 2703 1588 2743 agnoscit,
1611 2701 1670 2734 sed
1691 2702 1770 2733 alias
1789 2701 1820 2732 in
1842 2698 1910 2730 aliis
1931 2695 2102 2739 disciplinis
2120 2695 2242 2729 inducit

275 2772 387 2798 eorum
407 2759 542 2798 forman
570 2757 615 2790 sic
636 2756 667 2789 in
686 2755 794 2798 logica
815 2758 849 2788 et
869 2754 996 2788 formali
1015 2764 1121 2787 rerum
1141 2754 1342 2795 definitione,
1362 2754 1394 2787 in
1416 2754 1500 2787 anal.
1520 2757 1604 2797 post.
1631 2753 1684 2793 11,
1714 2755 1764 2785 11.
1785 2754 1922 2792 quatuor
1941 2749 2140 2797 inveniantur
2160 2759 2239 2780 cau-

274 2829 384 2853 sarum
404 2825 542 2860 genera:
571 2807 619 2849 τό
645 2806 687 2848 τί
704 2803 755 2862 ἦν
776 2801 896 2854 εἶναι,
921 2813 1097 2856 (essentia,
1118 2815 1275 2859 quatenu
1297 2812 1513 2853 cognitionem
1534 2811 1670 2844 admittit
1691 2814 1724 2841 et
1744 2808 1980 2846 denniuonm3
2001 2805 2042 2839 εἰ.
2063 2805 2239 2849 metaphys.

273 2881 336 2919 vl,
357 2881 396 2920 6)
418 2872 466 2913 τὸ
484 2870 607 2913 τίνων
627 2866 753 2912 ὄντων
769 2866 924 2924 ἀνάγκη
945 2870 1071 2909 τοῦτο
1090 2862 1221 2915 εἶναι,
1248 2865 1292 2908 τί
1315 2868 1483 2922 πρῶτον
1502 2864 1684 2919 ἐκίνησε,
1715 2874 1750 2903 et
1775 2861 1826 2904 τὸ
1845 2860 1959 2910 τίνος
1975 2858 2118 2908 ἕνεκα,
2142 2867 2240 2933 ,quod

240 2927 244 2930 ¹
275 2949 430 2973 summum
457 2944 509 2972 est
536 2940 639 2983 ipsum
668 2938 803 2979 bonum;
833 2937 947 2973 eadem
966 2936 998 2971 in
1016 2935 1124 2977 rebus,
1146 2945 1230 2979 qnae
1244 2945 1342 2969 sensu
1365 2934 1590 2978 percipiuntur,
1611 2931 1979 2981 apparetprincipiorm
1998 2936 2233 2975 τετρακτυς.
