2457 3375
166 399 239 437 tuit
268 407 399 447 neque
417 397 594 448 agnosci,
633 397 853 448 priusquam
877 395 1085 446 pleneque
1117 396 1301 435 Graeciae
1327 396 1497 436 civitates
1532 396 1580 435 ad
1604 396 1754 448 plenam
1778 396 2037 435 institutorum
2062 408 2217 438 suornm

171 476 212 510 et
236 472 476 521 publicorum
500 476 541 510 et
564 482 758 514 “crorum
783 471 1047 508 conscientiam
1073 475 1380 518 mun-exerant,
1418 475 1458 508 et
1481 472 1637 507 remotis
1663 473 1832 520 priorum
1857 475 2071 521 temporum
2094 473 2216 523 impe-

162 545 338 584 dimentis
375 546 423 584 ad
457 547 566 586 sliam
603 545 804 592 liberoque
837 544 989 594 ingenio
1029 545 1177 596 dignam
1210 558 1339 584 rerum
1374 544 1608 594 publicarum
1643 547 1757 593 atque
1790 547 1924 583 artium
1949 545 2109 584 sormam
2133 548 2217 585 ausi

161 611 273 658 eraut
288 620 438 659 evolare
448 618 497 671 ⁷).
551 618 824 665 Quamobrem,
845 618 947 666 quod
973 619 1018 657 ab
1041 619 1226 657 Eleaticis
1250 619 1469 656 inchoatum
1495 620 1577 654 erat
1602 628 1698 666 opus
1727 612 1974 666 dialecticum,
1999 620 2215 660 absolutum

160 697 222 731 est
244 694 417 740 Athenis,
444 694 522 738 ubi,
548 703 634 729 cum
660 692 995 731 diversissimarum
1015 694 1199 732 Graeciae
1224 693 1393 742 gentium
1416 691 1565 728 indoles
1590 692 1631 729 in
1656 704 1767 729 unam
1794 694 1900 741 quasi
1925 694 2215 742 pulcherrim

158 766 357 817 imaginem
382 765 609 811 coaluisset,
635 768 676 803 et
701 764 962 814 Sophistarum
989 768 1125 809 endiis
1151 767 1317 803 omnium
1341 765 1556 803 scholarum
1580 765 1767 814 reliquiae
1792 770 1921 804 essent
1945 771 2214 816 comportatae,

151 841 231 890 Jam
264 839 394 889 colligi
418 839 547 888 coepit
579 839 768 888 indigente
792 828 1006 889 dogmatum
1032 840 1337 889 placitarumque
1361 838 1505 884 moles,
1551 841 1592 876 et
1626 839 1747 888 prima
1771 839 2036 889 philosophiae
2060 843 2213 879 univer-

156 925 299 962 eaeque
315 912 495 949 scientiae
513 914 610 949 ratio
629 913 669 949 in
686 913 791 950 litem
810 918 850 950 et
867 914 1137 951 dubitationem
1155 914 1293 949 vocari.
1348 914 1454 960 Quae
1474 913 1575 958 lites,
1603 914 1658 949 uti
1683 913 1834 962 publica
1859 913 1937 949 vita
1962 924 2147 951 concussa
2172 919 2215 952 et

155 996 337 1037 perversa
369 985 504 1036 populi
537 987 682 1026 animos
706 987 753 1026 ab
778 987 1012 1025 observando
1039 987 1197 1025 deorum
1223 987 1328 1024 cultu
1365 991 1405 1025 et
1430 987 1475 1024 ab
1503 987 1656 1035 antiqua
1681 987 1768 1036 lege
1794 986 1953 1024 colenda
1980 987 2212 1025 seducebant

154 1061 195 1097 in
222 1060 320 1097 rixas
351 1062 391 1097 et
416 1059 690 1109 disputationes
718 1087 731 1106 ,
758 1061 878 1098 sicin
902 1060 1044 1098 scholis
1070 1060 1383 1110 philosophorum
1409 1059 1694 1105 labefactabant,
1722 1072 1820 1108 quae
1845 1060 2060 1097 firmissima
2083 1061 2212 1099 habita

156 1136 265 1170 erant
289 1133 514 1187 cognitionis
533 1133 795 1179 fundamenta3
822 1134 891 1171 sed
909 1133 1128 1171 inscientiae
1147 1144 1262 1171 sensu
1280 1135 1441 1171 excitato
1461 1133 1634 1170 stimulos
1655 1133 1768 1170 simul
1787 1133 2029 1170 admovebant
2043 1134 2210 1173 acriores

154 1207 203 1245 ad
220 1203 382 1247 'summas
400 1200 481 1245 'veri
501 1208 667 1246 rationes
684 1200 924 1257 inda'gandas,
939 1211 980 1245 et
998 1208 1051 1245 ita
1068 1208 1158 1245 facti
1175 1212 1262 1245 sunt
1272 1208 1474 1258 Sophistae
1490 1212 1666 1246 auctores
1686 1208 1903 1244 lustrandae
1921 1208 1966 1244 ab
1983 1208 2084 1244 omni
2100 1212 2211 1257 parte

153 1283 194 1319 et
220 1280 321 1319 vitae
348 1281 617 1319 etdoctrinae.
692 1281 775 1319 Jam
799 1281 986 1331 patefacta
1011 1282 1056 1319 ab
1082 1282 1159 1319 illis
1184 1282 1245 1319 via
1269 1283 1425 1319 incessit
1451 1282 1655 1326 Socrates,
1693 1281 1761 1329 qui
1784 1281 1971 1317 revocatis
1997 1281 2046 1317 ad
2070 1282 2208 1319 mentis

152 1353 506 1404 contemplationem
523 1353 658 1392 studiis
672 1350 708 1406 ⁸)
729 1357 769 1392 et
786 1354 922 1392 ethicis
940 1354 1156 1401 notionibus
1177 1366 1224 1392 ex
1240 1354 1380 1393 intimis
1408 1354 1517 1405 quasi
1541 1353 1683 1405 ingenii
1709 1353 1832 1404 adytis
1857 1352 2032 1404 repetitis
2059 1353 2106 1392 ad
2131 1353 2208 1392 ala-

151 1485 183 1526 ')
205 1486 343 1520 Docebit
363 1487 467 1520 acrior
487 1488 572 1520 vitae
592 1488 794 1522 Graecorum
812 1486 1033 1529 investigatio,
1061 1492 1200 1521 mentem
1226 1487 1475 1531 philosophicam
1505 1499 1524 1522 e
1553 1499 1666 1522 somno
1694 1498 1759 1521 non
1785 1488 1872 1530 prius
1893 1489 2043 1529 coepisse
2063 1487 2208 1526 excitari,

235 1548 353 1578 quam,
376 1540 536 1572 exstincta
557 1540 625 1571 fere
645 1541 776 1581 pristina
798 1539 993 1572 diversorum
1015 1548 1170 1580 generum
1187 1541 1341 1574 memoria
1369 1544 1402 1572 et
1429 1542 1549 1573 abolito
1571 1541 1777 1573 traditionum
1796 1539 2039 1581 mytbornmque
2064 1540 2208 1581 imperio,

236 1591 382 1627 civitates
404 1592 563 1632 publicam
594 1592 700 1632 legem
726 1593 774 1625 uti
791 1593 876 1625 vitae
896 1593 1141 1626 moderatricem
1163 1598 1273 1626 essent
1300 1594 1483 1634 amplexae3
1511 1604 1610 1633 quare
1631 1593 1762 1625 h'nstoria
1783 1592 2000 1633 philosophiae
2021 1602 2087 1623 non
2107 1593 2168 1623 erit
2188 1603 2209 1623 a

235 1643 308 1676 vivo
329 1642 496 1676 universae
516 1642 671 1675 historiae
693 1653 830 1686 corpore
850 1644 1027 1684 avellenda,
1049 1644 1107 1676 sed
1128 1644 1309 1676 efflorescet
1330 1645 1458 1677 demum
1479 1655 1520 1677 ex
1541 1646 1605 1677 vita
1625 1645 1753 1686 publica
1773 1645 1924 1683 variaque
1945 1644 2086 1685 gentium
2101 1643 2208 1676 indole

236 1693 478 1735 diligentissime
496 1689 717 1735 consideratu
745 1697 801 1735 sic,
824 1698 966 1736 quamvis
987 1698 1078 1729 nobis
1099 1698 1234 1738 disjecta
1253 1698 1396 1728 membra
1415 1707 1520 1727 rerum
1540 1698 1571 1727 in
1593 1707 1711 1736 magna
1732 1698 1873 1728 Graecia
1892 1701 2057 1736 gestarum
2079 1700 2206 1737 tempo-

234 1754 305 1780 tum
324 1746 441 1779 invidia
461 1747 640 1787 reliquerit,
661 1748 778 1788 ubique
797 1748 830 1781 in
850 1758 891 1781 ea
910 1749 1011 1782 simile
1032 1749 1187 1782 cernimus
1208 1749 1292 1782 circa
1312 1749 1546 1789 sexagesimam
1567 1748 1779 1790 olympiadem
1799 1747 1948 1787 studium,
1970 1747 2114 1781 excussis
2135 1748 2207 1790 (qui

236 1803 287 1831 est
308 1800 503 1833 coloniarum
523 1799 612 1839 mos)
633 1801 838 1832 traditionum
858 1802 989 1833 vinculis
1010 1811 1110 1832 novas
1130 1802 1302 1840 quaerendi
1322 1802 1431 1840 legmn
1450 1802 1603 1838 rationes,
1624 1802 1709 1831 unde
1728 1801 1846 1831 sensim
1868 1804 1980 1830 enatus
1999 1801 2133 1831 deorum
2147 1811 2204 1831 ve-

235 1854 340 1884 terum
362 1854 396 1883 et
414 1850 602 1892 religionum
624 1855 802 1884 contemtus
823 1851 1010 1886 Eleatarum
1030 1853 1198 1887 dialectica
1218 1852 1357 1886 accesit
1378 1855 1412 1884 et
1431 1851 1573 1885 Athenas
1587 1856 1637 1885 est
1656 1852 1849 1892 translatns3
1870 1850 1920 1885 hic
1940 1860 2018 1884 vero
2039 1852 2206 1886 immutata

229 1905 299 1945 jam
320 1909 392 1938 erat
412 1905 520 1945 prisca
540 1905 582 1935 de
603 1906 734 1941 summis
753 1907 849 1935 rebus
871 1907 1046 1946 persuasio*
1058 1910 1093 1936 et
1111 1906 1380 1944 infflblimietem
1401 1906 1515 1935 mentis
1548 1906 1713 1944 regionem
1735 1905 1884 1936 traducta
1905 1905 1997 1944 poesi
2017 1905 2205 1943 dramatica,

233 1961 268 1989 et
289 1956 379 1991 simul
400 1954 553 1998 physicae
564 1955 778 1997 Anaxagorae
800 1960 896 1997 atque
917 1956 1065 1990 Archelai
1086 1956 1255 1990 doeffiaae
1272 1957 1420 1998 vulgares
1440 1957 1613 1990 movebant
1633 1957 1808 1997 opiniones.
1850 1955 2048 1996 Pythagorei
2068 1963 2204 1996 quomo-

233 2008 275 2039 do
299 2008 340 2039 ad
361 2017 422 2039 nov
425 2016 461 2038 as
483 2007 690 2047 insolitasque
711 2007 830 2040 formas
852 2009 1023 2053 deflectere
1049 2009 1208 2041 voluerint
1228 2010 1407 2042 naturalem
1427 2009 1514 2041 vitae
1534 2009 1683 2042 Graecae
1708 2009 1837 2050 legem,
1864 2017 1917 2040 res
1947 2012 1998 2040 est
2026 2008 2204 2049 notissima,

223 2055 302 2092 etsi·
314 2059 346 2093 in
368 2060 499 2101 singulis
522 2054 714 2093 accuratiori
734 2059 815 2102 opus
836 2061 878 2102 sit
899 2061 1128 2125 exploratione.

147 2142 180 2184 ⁸)
201 2119 346 2177 Mentem
368 2143 468 2182 enim,
491 2152 586 2184 qnam
606 2152 770 2178 summam
782 2154 857 2177 esse
877 2145 1017 2177 omnium
1037 2155 1143 2178 rernm
1162 2145 1226 2178 vim
1247 2148 1405 2178 statuerat
1425 2147 1655 2185 Anaxagoras,
1684 2144 1726 2176 ab
1754 2144 1824 2185 ipso
1854 2145 1956 2176 minus
1977 2143 2075 2176 fuisse
2083 2145 2203 2193 perlu-

231 2199 395 2236 stratam,
408 2204 512 2236 neque
533 2192 733 2239 expositum,
753 2196 916 2238 quomodo
936 2197 968 2229 in
990 2200 1061 2230 toto
1082 2197 1200 2231 mundo
1221 2201 1395 2241 appareat,
1427 2206 1491 2231 uno
1512 2207 1569 2230 ore
1591 2200 1763 2238 queruntur
1783 2196 1878 2230 Plato
1902 2196 1953 2239 (in
1974 2195 2152 2230 Phaedone
2172 2208 2203 2241 p.

230 2252 282 2280 Μ.
283 2249 301 2289 )
323 2253 358 2280 et
378 2249 588 2288 Aristoteles,
611 2249 767 2291 (metaph.
788 2250 892 2290 1‚4.)
922 2251 968 2282 ita
996 2255 1033 2282 ut
1058 2251 1167 2291 fruges
1194 2252 1283 2290 agri,
1313 2261 1410 2297 quem
1431 2252 1549 2291 primus
1571 2252 1686 2288 coluit,
1715 2250 1921 2280 demetendas
1950 2250 2019 2280 aliis
2040 2251 2205 2288 reliquisse

231 2298 411 2333 censendas
431 2300 483 2332 sit.
526 2300 595 2334 Sed
616 2302 763 2342 quamvis
779 2311 842 2335 non
864 2301 971 2343 omnia
990 2302 1060 2345 ipse
1079 2302 1355 2344 invenerit‚=qnae
1374 2302 1429 2336 illo
1451 2312 1492 2336 ex
1512 2302 1664 2345 principio
1687 2309 1837 2334 emanare
1857 2299 2031 2342 debebant,
2052 2311 2117 2335 noa
2141 2305 2202 2340 est,

230 2361 288 2384 eur
307 2353 467 2391 nitemur,
489 2363 572 2392 eum,
595 2364 668 2386 cum
688 2359 828 2387 melitem
848 2354 1152 2387 detexisset-veram
1173 2360 1278 2387 motas
1298 2357 1467 2394 rationem,
1490 2358 1524 2386 et
1544 2355 1590 2386 ita
1610 2358 1775 2387 aeternnm
1795 2353 1890 2385 istum
1907 2354 2061 2385 Heracliti
2082 2354 2200 2385 fluxum

231 2413 272 2438 ac
300 2404 464 2437 refluum
485 2405 676 2445 animasset,
704 2411 868 2446 amentes,
892 2412 934 2441 ‘ut
952 2408 1000 2441 ita
1028 2408 1149 2450 dican,
1178 2408 1383 2441 multitudinis
1403 2408 1567 2450 opiniones
1588 2408 1792 2449 impugnasse
1820 2410 1853 2438 et
1872 2406 1915 2437 ita
1936 2405 1977 2436 ad
2000 2405 2198 2438 dialecticam

229 2458 368 2494 alisuam
388 2455 632 2497 philosophandi
651 2458 824 2491 rationem.
841 2459 1028 2500 devenisse3
1058 2461 1255 2502 quapropter
1285 2470 1307 2492 a
1335 2461 1500 2493 Cicerone
1516 2459 1632 2500 (acad.
1654 2462 1738 2499 post.
1758 2458 1793 2495 Ι,
1816 2456 1882 2495 12.)
1904 2456 1935 2486 in
1955 2456 1992 2486 iis
2014 2462 2199 2490 rece-seuit

229 2506 434 2551 philosophis,
457 2508 510 2547 qni
529 2509 763 2556 ignorationem
784 2520 874 2543 suam
892 2512 1035 2544 confessi
1044 2514 1129 2551 aiut,
1152 2517 1185 2545 et
1205 2513 1278 2545 nihil
1299 2513 1454 2553 cognosci
1473 2522 1570 2553 posse
1590 2511 1732 2542 dixerint.
1775 2508 1823 2539 Cf.
1835 2507 1877 2539 de
1891 2508 2198 2547 dialecticaAnaxa-

229 2559 469 2601 gorea-uictor
494 2558 690 2593 Goschichto
706 2559 772 2596 der
793 2561 963 2594 ianischeu
987 2562 1226 2606 Philosophia,
1252 2575 1283 2605 p.
1303 2567 1367 2596 297
1387 2581 1432 2587 —
1451 2567 1502 2595 99.
1547 2563 1641 2596 Quod
1663 2562 1780 2593 Sextus
1801 2559 1984 2601 Empiricus
2002 2560 2071 2592 adv.
2092 2560 2158 2602 log.
2170 2561 2197 2601 1,

230 2615 302 2644 140.
322 2612 427 2651 tradit,
448 2612 619 2645 Diotimum
640 2613 785 2645 Stoicum
805 2614 868 2645 tria
888 2614 1061 2646 secundum
1077 2616 1305 2654 Anaxagoram
1325 2617 1395 2647 veri
1417 2615 1543 2647 criteria
1564 2614 1723 2651 docuisse,
1746 2612 1779 2643 id
1800 2612 1928 2644 omnino
1949 2622 2012 2643 non
2034 2615 2144 2652 potest
2165 2613 2197 2644 in

228 2663 313 2698 hunc
332 2664 379 2698 ita
398 2664 533 2704 eadere,
555 2668 591 2697 ut
611 2665 738 2699 criterii
758 2666 918 2700 vocabulo
938 2677 1015 2701 usus
1035 2667 1097 2707 sit,
1116 2667 1177 2699 sed
1198 2668 1367 2701 dialectice
1394 2678 1465 2699 cum
1496 2667 1537 2698 de
1567 2665 1796 2707 cognoscendo
1817 2674 1893 2697 vero
1915 2664 2073 2705 incepisse
2093 2674 2197 2705 quae-

229 2727 303 2750 rere
330 2720 407 2749 non'
428 2719 530 2749 solum
551 2728 592 2748 ex
613 2719 729 2749 talibus
751 2719 818 2758 ejus
839 2719 931 2751 dictis
953 2719 1154 2758 conjicimus,
1175 2720 1228 2749 ubi
1249 2718 1478 2759 cognoscendi
1498 2718 1620 2748 initium
1642 2728 1662 2748 a
1683 2722 1790 2748 mente
1814 2717 1944 2757 repetit,
1975 2720 2009 2746 et
2030 2717 2073 2746 ab
2094 2718 2198 2747 anima

228 2772 371 2802 mentem
391 2768 549 2803 diversam
569 2770 695 2810 statuit,
709 2769 758 2806 ss.
780 2770 875 2804 Arist.
895 2769 938 2803 de
958 2771 1063 2804 anima
1083 2770 1123 2811 1,·-
1137 2773 1168 2803 2.
1189 2769 1364 2813 metaphys.
1385 2769 1471 2810 xli,
1493 2773 1543 2803 10.
1567 2769 1614 2812 (h.
1636 2771 1657 2802 l.
1680 2769 1803 2803 bonum
1822 2770 1926 2811 ipsum
1945 2773 2087 2801 mentem
2108 2769 2195 2808 dicit,

228 2826 265 2853 et
285 2823 386 2854 innuit
401 2823 471 2861 jam
491 2825 653 2855 notionem
670 2824 783 2854 summi
801 2832 906 2855 rernm
924 2824 1006 2861 finis,
1027 2832 1123 2862 quan
1143 2827 1329 2863 persecutus
1352 2826 1403 2853 est
1422 2826 1499 2862 post
1519 2831 1592 2853 eum
1606 2821 1809 2860 Aristoteles)
1820 2821 1879 2851 sed
1892 2830 1934 2850 ex
1953 2821 2024 2861 ipsa
2043 2821 2097 2851 iila
2117 2830 2193 2851 sen-

228 2873 350 2914 tentia,
373 2882 468 2915 quam
488 2874 667 2918 primariam
688 2874 756 2918 ejus
777 2873 946 2916 habemus,
961 2873 1041 2908 vnihil
1063 2884 1136 2908 esse
1156 2878 1215 2916 aut
1232 2874 1396 2908 minimum
1425 2878 1481 2907 aut
1512 2874 1697 2913 maximum,
1726 2872 1785 2905 sed
1812 2872 1953 2905 maximo
1974 2881 2101 2914 semper
2121 2882 2195 2905 esse

227 2926 331 2964 majus
353 2927 489 2966 aliquid,
510 2929 643 2961 mini-o
658 2928 760 2959 nn‘nns
780 2928 814 2959 in
834 2937 939 2959 rernm
958 2932 1091 2966 natura,
1113 2932 1146 2958 et
1165 2928 1198 2959 ia
1219 2928 1366 2959 omnibus
1394 2926 1515 2965 omnia,
1544 2927 1679 2965 ideoque
1706 2925 1861 2956 infinitam
1881 2924 2113 2956 ualetudinem
2133 2925 2193 2955 im-

228 2975 328 3012 mixta
348 2981 382 3011 et
399 2979 534 3021 siniplici
554 2983 663 3014 mente
682 2980 788 3015 omnia
808 2979 1015 3022 aequabiliter
1034 2984 1224 3023 penetrante
1244 2990 1318 3014 essc
1338 2980 1582 3020 continendum
1620 2978 1662 3012 ci.
1691 2978 1833 3021 simplic.
1853 2978 1894 3011 ‘in
1921 2978 2016 3009 Arist.
2043 2976 2133 3018 phys.
2162 2988 2193 3018 p.

1906 3043 1925 3080 1
1955 3040 1976 3059 *
