2457 3375
1224 305 1295 354 ’56

228 455 365 493 falsam
390 455 471 492 veri
497 452 694 501 imaginem
722 450 761 487 in
788 449 935 487 mundo*
955 449 1207 488 dominantem
1234 450 1428 500 abJecerit.
1481 450 1556 489 Hic
1583 461 1713 488 verum
1739 442 1789 489 ab
1808 452 1953 491 'oe'ens
1980 452 2140 492 inveniri
2153 451 2292 497 aaut,

233 534 289 575 et,
317 530 371 566 nti
388 525 653 571 substantiam,
681 525 734 562 ita
758 524 885 573 ipsum
910 535 979 562 ens
1004 523 1145 572 duplici
1171 534 1288 561 seusu
1314 524 1404 570 dici,
1428 528 1474 562 ut
1496 525 1658 574 primum
1684 524 1749 567 sit,
1775 523 1960 572 quidquid
1987 528 2093 564 dra
2123 526 2293 564 ne*-

232 602 400 653 positum
426 610 545 637 sensu
569 596 804 648 percipiatur
826 600 870 635 et
893 597 1090 635 mutationi
1116 595 1318 635 obnoxium
1344 597 1408 643 sit,
1433 597 1572 636 deinde
1595 597 1651 644 id,
1675 596 1780 647 quod
1803 596 1910 634 idun*
1929 601 2078 638 maneat
2099 597 2141 637 in
2156 601 2293 637 *tu-m
2326 599 2330 603 ’

230 676 322 725 fuga
347 686 390 712 ac
414 672 691 719 vicissitudine,
716 682 823 709 mens
849 681 979 709 omnes
1005 682 1133 708 rerum
1158 671 1336 709 notiones
1363 663 1562 724 (λόγους)
1578 672 1619 709 ἰιι
1644 671 1765 711 ani-ia
1787 671 2051 710 eontinenaot
2073 681 2292 731 pamas,

231 760 330 797 quae
354 751 436 785 tota
461 746 580 784 simul
604 747 655 794 sit
678 745 856 795 potentia.
872 748 988 792 atque
1016 744 1196 782 efficacia.
1249 745 1294 782 ln
1319 746 1569 793 sequentibus
1594 745 1815 791 videbimus,
1841 744 2031 794 quomodo
2056 744 2193 783 mobile
2216 746 2293 783 hoc

231 834 299 861 ens
328 819 563 859 substantiae
588 819 693 864 insit,
721 829 817 868 quae
845 818 1015 867 qualitati
1041 830 1132 856 suae
1161 819 1440 868 quantitatique
1462 822 1654 868 tamquam
1679 818 1967 857 accidentalibus
1987 818 2202 856 notionibus
2220 830 2290 868 op·
2332 845 2343 855 ,

229 896 401 947 ponitur,
430 901 470 933 et
495 895 563 932 has
593 903 747 942 quoque
771 893 812 930 in
839 904 883 930 se
907 896 1096 949 tamquam
1132 894 1364 932 necessarias
1398 893 1549 943 recipit,
1584 880 1638 932 et*¹
1657 893 1808 944 plenam
1843 893 2087 931 substantiae
2121 892 2289 931 invenie-

145 991 151 992 *
228 982 314 1008 mus
343 973 383 1006 et
413 969 556 1017 primae
582 969 622 1003 et
646 966 896 1014 intelligibilis
921 967 1129 1012 rationem,
1148 971 1193 1004 ut
1218 968 1317 1004 entis
1343 978 1390 1004 ex
1415 966 1499 1004 Deo
1525 967 1710 1016 originem
1740 963 2058 1017 cognoscamus„
2073 964 2179 1012 Jam,
2204 976 2290 1003 cum

228 1042 456 1093 praescripti
479 1040 571 1078 huie
597 1040 797 1089 scriptioni
822 1040 919 1076 fines
946 1052 1100 1077 cursum
1127 1041 1263 1077 sistere
1283 1040 1530 1090 jubeant,-ne
1555 1040 1596 1079 in
1621 1042 1755 1077 vanum
1779 1040 1819 1077 in'
1845 1040 1977 1088 capitis
2003 1039 2119 1089 hujus
2162 1038 2290 1076 fronte

225 1115 360 1154 titulos
389 1114 440 1152 de
466 1125 543 1151 uno
572 1115 613 1151 et
636 1123 808 1159 numero,
835 1112 885 1150 de
909 1115 993 1150 toto
1020 1115 1060 1150 et
1086 1114 1270 1162 partibus,
1297 1113 1348 1151 de
1377 1113 1486 1151 finito
1513 1116 1629 1162 atque
1652 1112 1802 1151 infinito
1828 1113 2088 1162 apposuerim,
2124 1115 2290 1152 exn-ena

227 1193 375 1226 tantum
403 1187 537 1223 addam
562 1186 700 1223 horum
727 1186 898 1221 locorum
924 1185 1160 1229 lineamenta,
1189 1196 1350 1233 quorum
1376 1186 1594 1234 ampliorem
1621 1185 1894 1234 expositionem
1919 1188 1960 1223 et
1990 1196 2076 1222 cnm
2099 1184 2288 1235 prioribus

225 1257 568 1313 philosophematis
596 1259 911 1307 comparationem
937 1258 984 1295 ad
1011 1261 1231 1306 sequentem
1256 1258 1517 1295 remittendam
1551 1258 1642 1294 duxi
1676 1258 1907 1296 fasciculum.
1984 1258 2168 1304 Materia,
2202 1270 2287 1297 eum

226 1336 370 1384 ubique
395 1333 519 1371 forma
543 1332 753 1369 inveniatur
778 1334 966 1381 correpta,
994 1343 1079 1368 cum
1105 1342 1151 1368 ea
1175 1331 1215 1368 in
1241 1329 1500 1368 substantiam
1526 1329 1680 1376 coaluit,
1707 1341 1807 1379 quae
1816 1330 1909 1380 ‘jam
1922 1330 1964 1369 in
1983 1342 2027 1369 se
2045 1331 2289 1372 finemhabet

226 1413 268 1447 et
293 1409 361 1446 has
388 1407 448 1444 sui
473 1409 603 1456 partes
629 1405 750 1443 libere
777 1406 966 1450 continet3
994 1404 1049 1442 sic
1074 1404 1183 1442 nobis
1211 1404 1381 1442 exoritur
1405 1404 1586 1455 cogitatio
1610 1403 1722 1442 unius
1740 1403 1838 1442 entis
1856 1403 1897 1442 in
1914 1415 2064 1443 omnem
2080 1404 2288 1445 sonarum
2342 1396 2345 1397 ⁷

222 1482 443 1519 varietatem
479 1491 565 1516 sese
601 1478 821 1528 explicantis
860 1482 923 1525 et,
963 1490 1048 1516 cum
1082 1478 1223 1527 ubique
1257 1480 1443 1524 servetur,
1486 1478 1671 1516 communi
1697 1488 1828 1516 omnes
1853 1477 2004 1516 vinculo
2031 1479 2286 1526 eoneihntiss

218 1556 297 1605 jam
323 1564 430 1598 vero,
456 1564 544 1590 cum
569 1552 716 1588 infinita
742 1552 900 1589 materia
925 1563 996 1588 seu
1021 1552 1222 1588 inhaerens
1249 1552 1364 1587 rebus
1390 1553 1541 1601 negatio
1560 1551 1682 1588 omnia
1707 1551 1886 1589 distineat
1912 1553 1953 1588 et
1976 1551 2192 1590 continuam
2215 1560 2285 1591 no-

221 1629 283 1667 his
295 1627 486 1665 sostendat
510 1626 758 1663 mutationum
784 1626 938 1670 seriem,
963 1628 1008 1662 ut
1033 1625 1135 1662 idem
1160 1625 1284 1662 statim
1312 1625 1416 1662 aliud
1442 1626 1511 1662 flat
1534 1638 1557 1663 a
1582 1637 1627 1662 se
1651 1626 1843 1663 diversa
1877 1627 1918 1662 et
1942 1625 2067 1663 onnia
2089 1625 2287 1664 videantur

220 1701 262 1740 in
288 1698 475 1738 infinitum
503 1708 720 1746 excurrere,
748 1697 861 1734 simul
886 1707 979 1735 vero
1005 1698 1151 1736 rectior
1175 1698 1347 1748 coeperit
1372 1710 1569 1749 emergere
1593 1698 1790 1737 infinitatis
1816 1698 1936 1745 notio,
1972 1709 2060 1737 mm
2094 1710 2210 1737 unum
2234 1688 2286 1740 'in

222 1774 409 1821 omnihus,
435 1772 539 1811 aliud
566 1772 673 1821 quasi
699 1770 760 1810 sui
784 1769 939 1818 factum,
965 1781 1118 1820 semper
1149 1775 1342 1818 recurrat,
1376 1783 1409 1811 ιι
1435 1773 1557 1822 prima
1592 1773 1691 1810 entis
1725 1775 1766 1810 et
1798 1772 2014 1810 non-entis
2037 1775 2286 1823 repugnantia

221 1849 270 1887 ad
297 1848 454 1886 alteram
479 1846 720 1896 pervenimus
746 1845 862 1881 unius
881 1847 922 1882 et
945 1844 1169 1890 multorum,
1187 1845 1250 1882 cui
1274 1846 1447 1894 proxime
1472 1846 1680 1884 adhaerent
1715 1845 1914 1895 oppositae
1935 1845 2053 1895 fim'ti
2083 1848 2199 1895 atque
2223 1848 2283 1885 ἰη-

218 1922 327 1969 finiti
351 1921 539 1959 notiones.
594 1917 799 1968 Copiosius
826 1917 876 1955 de
901 1917 974 1955 hac
999 1929 1045 1955 re
1069 1917 1168 1955 infra
1192 1918 1451 1968 disputaturus
1479 1920 1683 1958 ostendere
1709 1920 1886 1965 conabor,
1913 1919 2103 1968 quomodo
2136 1920 2282 1971 ingeni-

220 2008 283 2032 um
310 1996 512 2031 humanum
538 1993 577 2030 in
606 1993 840 2030 Graecorum
866 1991 1109 2040 philosophia
1134 1991 1181 2028 ad
1216 1991 1286 2028 has
1321 1991 1515 2029 notionum
1550 1991 1790 2030 definitiones
1827 1993 2042 2032 necessario
2074 2005 2283 2045 progressu

217 2069 448 2117 pervenerit,
469 2071 509 2104 et
527 2079 549 2103 a
562 2066 722 2115 physica
739 2064 1057 2113 contemplatione
1078 2061 1196 2118 (quae
1215 2075 1331 2113 supra
1347 2065 1468 2113 prima
1485 2064 1706 2103 dialecticae
1724 2065 1910 2106 elmenta
1926 2076 2003 2103 nou
2032 2066 2226 2104 adscendit
2244 2072 2284 2105 et

217 2143 404 2179 infinitum
434 2153 519 2179 cum
546 2151 622 2177 uno
651 2137 884 2176 confundens
911 2137 978 2175 uni
1003 2138 1183 2175 materiae
1209 2138 1342 2175 virium
1371 2138 1479 2186 quasi
1506 2137 1742 2194 dualismum,
1768 2124 1814 2175 ut
1837 2139 1938 2176 vitae
1962 2130 2185 2187 formaeque
2209 2141 2279 2178 ini-

218 2217 326 2261 tium,
355 2214 592 2265 opposuerit,
620 2212 815 2250 cf.-Arist.
842 2210 1007 2261 metaph.
1035 2211 1065 2258 l,
1091 2208 1177 2263 20.)
1206 2211 1253 2249 ad
1278 2223 1480 2249 numerum
1506 2212 1774 2258 exsurrexerit,
1803 2212 1882 2261 qui,
1910 2224 1932 2250 a
1967 2211 2218 2262 Pythagoreis
2243 2214 2282 2252 in

217 2301 365 2326 summo
391 2287 656 2337 philosophiae
682 2285 790 2323 locus
826 2285 999 2335 positus,
1033 2285 1154 2333 ipsam
1192 2284 1294 2322 illam
1333 2286 1619 2335 repugnantiam
1644 2287 1755 2325 unius
1783 2289 1822 2324 et
1846 2286 2050 2324 multorum
2075 2298 2149 2325 una
2175 2288 2282 2337 quasi

216 2363 383 2398 notionis
421 2362 457 2396 vi
494 2360 688 2404 continet,
725 2362 765 2394 et
800 2368 952 2405 semper
987 2361 1120 2393 natura
1155 2368 1223 2394 sua
1248 2358 1288 2394 in
1312 2358 1496 2395 infinitam
1522 2347 1799 2397 multitudinem
1824 2360 2004 2409 repulsus
2031 2370 2182 2409 semper
2208 2360 2280 2398 sibi

216 2436 313 2472 fines
340 2433 474 2483 injicit,
503 2436 546 2470 ut
559 2432 726 2482 finitum
753 2430 945 2480 infinitum
972 2429 1046 2466 dici
1072 2430 1206 2479 possit.
1268 2429 1379 2468 Plato
1405 2430 1453 2467 ad
1478 2435 1643 2469 mentem
1677 2445 1877 2482 regressus
1913 2433 2079 2470 numeris
2115 2432 2278 2469 medium

216 2506 426 2555 adsignavit
453 2504 680 2555 cognitionis
712 2502 853 2547 locum,
880 2505 923 2538 ut
948 2491 1077 2539 essent
1116 2506 1292 2540 externae
1331 2514 1459 2541 rerum
1494 2502 1639 2542 formae
1673 2509 1799 2544 mente
1834 2497 2060 2556 conceptae,
2088 2508 2128 2544 et
2153 2516 2276 2544 veram

213 2591 457 2615 numerorum
483 2578 612 2614 sedem
638 2578 678 2613 in
705 2576 805 2612 ideis
829 2576 976 2624 posuit,
1006 2576 1140 2622 quibus
1167 2577 1366 2622 infinitum,
1392 2578 1508 2615 modo
1534 2589 1718 2627 magnum
1743 2579 1856 2619 modo
1892 2590 2079 2630 parvum,
2120 2588 2275 2616 numero

212 2652 413 2701 spatioque
440 2661 639 2699 apparens,
666 2648 859 2698 opposuit.
888 2650 929 2686 et
954 2647 1214 2686 dissociabit&
1242 2662 1419 2688 numeros
1447 2663 1517 2689 seu
1543 2652 1685 2690 ideales
1721 2654 1935 2702 segregavit
1961 2665 1983 2689 a
2007 2649 2273 2689 mathematicis

210 2737 277 2762 seu
306 2724 511 2761 monadicis
539 2726 579 2759 et
605 2720 936 2767 consociabilibu83
964 2717 1035 2772 (cf.
1068 2721 1382 2773 Trevedelenburg
1407 2724 1457 2762 de
1481 2725 1579 2763 ideis
1606 2728 1647 2764 et
1681 2726 1848 2764 numeris
1883 2725 1943 2762 Pl.
1976 2735 2014 2772 p.
2033 2722 2116 2768 [74.
2143 2722 2271 2775 seqq.)

207 2799 415 2846 perfectius
453 2797 551 2834 hanc
578 2794 802 2831 sententiam
829 2794 1252 2833 excoluit-Aristoteles
1279 2800 1319 2834 et
1344 2789 1629 2848 repugnantiam
1655 2799 1916 2836 mathematico
1942 2807 2097 2833 numero
2123 2796 2271 2834 insitam

203 2871 448 2919 notionisque
473 2870 588 2919 hujus
616 2870 877 2919 paupertatem
905 2871 1020 2917 atque
1047 2869 1251 2908 exilitatem
1278 2872 1434 2922 egregie
1468 2872 1666 2922 explicavit
1692 2870 1876 2923 (metaph.
1904 2866 2021 2921 XII..)
2097 2870 2268 2909 Plotinus

201 2945 367 2990 tandem,
395 2956 481 2981 cum
507 2942 667 2992 sceptici
693 2946 841 2979 omnem
868 2942 1109 2993 negavissent
1134 2954 1344 2990 numerum,
1371 2934 1498 2995 (Sext.
1524 2945 1669 2997 Empir.
1695 2946 1778 2984 adv.
1804 2944 1929 2995 phys.
1944 2942 1991 2990 11,
2018 2942 2107 2983 248.
2141 2941 2267 2996 seqq.)

202 3020 383 3058 altissime
410 3021 579 3057 naturam
605 3016 721 3066 huJus
763 3015 838 3054 loci
871 3016 1058 3063 exhausit,
1095 3018 1331 3057 monadicum
1368 3030 1565 3059 numerum
1600 3017 1847 3059 intellectuali
1883 3017 2079 3058 Platonem
2112 3022 2266 3058 secutus
