2457 3375
1182 319 1245 364 33

191 463 337 516 infiniti
358 460 574 501 ‘notionibus
598 461 809 513 profectus,
835 462 876 498 et
899 457 1146 497 veram-finis
1171 456 1586 520 natatufxplicareg'
1607 457 1647 497 in
1671 456 1777 511 libris
1803 456 1969 508 denique
1993 457 2043 497 de
2067 458 2232 508 republi-

189 549 235 576 ca
259 540 309 583 et,
324 536 366 575 in
392 535 547 575 Timaeo
572 536 776 575 medullam
803 533 912 583 quasi
940 535 980 571 et
1004 532 1138 571 florem
1162 531 1302 584 prioris
1328 530 1527 570 universae
1551 530 1813 582 philosophiae
1836 532 2029 583 reciperet
2053 536 2094 571 et
2116 533 2233 571 admi·

187 610 296 649 num
320 611 456 648 mens.
481 621 573 648 me
598 610 635 646 vi
659 609 869 646 illustraret
891 604 975 657 ¹³⁰).
1026 606 1134 644 Finis
1159 606 1394 645 Parmenidi:
1419 604 1606 643 Platonici
1632 608 1715 642 ent
1738 590 1955 654 penu-010,
1991 606 2117 644 omni·
2148 617 2237 644 me

188 682 300 722 sinai
326 686 367 722 et
390 694 591 728 nonfesse‚
618 690 804 730 apparere
828 679 940 731 simul
965 682 1005 718 et
1028 691 1105 719 non
1129 691 1324 730 apparere,
1349 678 1429 718 sive
1452 690 1568 718 unum
1592 677 1645 717 dt
1670 678 1751 716 sive
1774 690 1850 717 non
1873 680 1925 717 sit
1937 677 2021 731 ¹⁸¹),
2048 679 2236 730 qnamxad

187 756 446 795 inveniendam
496 759 718 804 permensus
763 756 846 791 erat
895 754 1038 791 hancce
1100 754 1280 803 deinceps
1334 754 1537 802 primarum
1599 752 1795 790 notionum
1857 752 2014 790 seriem:
2079 764 2148 792 em
2195 756 2236 791 et

187 842 380 876 non-cns,
396 840 528 874 mum,
547 828 658 865 aliud
676 832 715 865 et
723 828 861 874 multa,
873 832 999 865 totum
1015 831 1056 865 et
1065 827 1392 877 portesmuham,
1411 827 1578 864 medium
1597 828 1781 877 etfluonu,
1791 827 1953 876 finitum
1971 830 2011 863 et
2026 828 2233 877 infinitatis,

189 903 314 941 locum
334 902 571 951 “figuram
589 900 907 950 conprehendens
926 904 967 938 et
986 899 1307 951 contprohenawn,
1331 903 1481 937 statum
1497 903 1538 937 et
1554 904 1714 946 motum,
1733 899 1836 937 idem
1856 902 1897 937 et
1914 899 2094 947 alterum,
2112 900 2237 938 seruile

189 979 230 1013 et
245 974 441 1020 amimae,
463 974 627 1024 aequale
642 977 682 1012 et
696 974 911 1023 masqueh,
931 975 1025 1024 plus
1052 977 1093 1011 et
1119 974 1260 1019 minu,
1281 972 1392 1022 [πίω
1409 975 1453 1010 et
1473 974 1666 1022 posterius
1693 977 1733 1011 et
1756 973 1881 1022 ipsum
1899 976 2064 1023 tenipus,
2096 985 2177 1010 esse
2198 976 2238 1010 et

178 1048 287 1099 fleri.
313 1058 468 1084 aeneum
494 1046 672 1096 denique,
702 1047 927 1097 epimonem,
952 1046 1120 1095 verbum,
1148 1046 1418 1098 cognitionem,
1448 1057 1546 1096 qnae
1571 1049 1705 1084 cuncta
1731 1045 1841 1085 simul
1867 1057 1954 1085 esse
1980 1048 2022 1085 et
2045 1057 2123 1085 non
2150 1057 2238 1085 esse

188 1120 383 1158 evincitur.
525 1127 529 1130 ’
570 1133 572 1135 ·
619 1126 622 1129 “

334 1192 418 1230 Jam
442 1191 563 1241 prima
587 1192 695 1230 nobis
723 1193 891 1230 exoritur
917 1192 1091 1241 quaestio
1116 1193 1166 1231 de
1201 1203 1346 1230 summo
1383 1191 1603 1229 dialecticae
1637 1191 1871 1228 Plotinianae
1903 1191 2100 1241 principio,
2135 1191 2238 1230 unde

189 1264 361 1315 profecta
385 1265 426 1302 in
451 1266 616 1314 singulas
642 1267 815 1303 notiones
842 1276 1046 1314 earumque
1079 1267 1306 1303 mutationes
1343 1265 1526 1302 evolverit
1560 1276 1670 1310 sese;
1706 1276 1781 1313 qua
1814 1265 1854 1301 in
1887 1276 1932 1302 re
1966 1264 2085 1302 videri
2115 1265 2239 1314 possit

190 1337 285 1375 baec
315 1337 556 1386 philosophia
589 1340 744 1387 propria
778 1338 936 1387 quadam
969 1339 1223 1376 imbecillitate
1257 1323 1463 1383 laborares
1480 1337 1584 1386 quod
1618 1336 1740 1375 Deum
1782 1341 1899 1387 ponat
1923 1338 2086 1374 omnium
2110 1348 2239 1375 rerum

190 1410 430 1460 principium,
455 1412 674 1460 priusquam
701 1422 748 1449 ex
772 1411 932 1460 singulis
958 1412 1073 1449 rebus
1099 1413 1395 1449 demonstratum
1419 1410 1491 1456 sit,
1527 1411 1743 1448 necessario
1779 1422 1910 1448 omnes
1945 1422 1993 1447 ex
2027 1410 2107 1447 Deo
2142 1421 2237 1459 pen·

192 1483 304 1529 ἀει-ες
331 1487 372 1522 et
397 1495 486 1522 sane
505 1484 586 1535 jam
612 1495 727 1534 supra
752 1483 918 1522 confessi
943 1495 1084 1531 sumus,
1109 1485 1207 1523 hanc
1232 1484 1294 1522 vix
1326 1484 1514 1523 removeri
1538 1496 1655 1534 posse
1679 1483 1953 1530 difficultatem,
1981 1483 2083 1532 quod
2115 1484 2240 1533 ipsum

191 1557 444 1607 cognoscendi
467 1540 692 1607 principium
718 1557 924 1607 cognitioni
950 1557 1177 1596 subtraxerit
1201 1562 1241 1595 et
1273 1559 1408 1596 visioni
1443 1570 1558 1607 supra
1591 1561 1755 1595 mentem
1789 1557 2009 1596 escendenti
2041 1557 2242 1607 reliquerit

196 1630 486 1678 agnoscendum.
539 1631 727 1676 Attalen,
754 1641 805 1667 ne
828 1631 868 1667 in
897 1641 1032 1667 vanum
1058 1631 1180 1668 omnia
1204 1633 1246 1668 et
1269 1633 1415 1668 temere
1438 1630 1654 1680 profudisse
1687 1629 1880 1667 Plotinmn
1912 1617 2102 1679 putemus,
2137 1641 2242 1680 mag-

192 1702 338 1750 nopere
361 1685 546 1738 laudanda
572 1704 632 1737 est
655 1702 716 1739 via
742 1705 782 1738 et
802 1703 914 1747 ratio,
942 1716 1016 1750 qua
1039 1704 1264 1752 principium
1286 1698 1386 1739 'illud
1411 1703 1663 1750 appetendum
1690 1714 1778 1739 esse
1812 1713 1964 1752 semper
1995 1706 2144 1746 monet,
2183 1706 2241 1739 at-

190 1772 331 1810 tollere
357 1772 497 1824 jubens
528 1775 691 1811 mentem
726 1773 774 1812 ad
808 1786 941 1826 puram
975 1776 1254 1826 cogitationen,
1288 1785 1466 1814 sensuum
1499 1773 1687 1813 illecebris
1723 1785 1799 1814 non
1824 1773 2040 1813 distractam
2065 1771 2158 1824 ω’);
2186 1778 2240 1822 et,

194 1915 256 1957 ¹³⁰)
276 1915 402 1948 Nemini
422 1914 627 1956 persuadebit
647 1916 820 1957 sechenia,
842 1920 939 1958 (fiber
959 1919 1092 1951 Platona
1112 1919 1274 1959 Solu-inea
1288 1941 1300 1958 ‚
1319 1927 1352 1958 p.
1372 1920 1446 1949 287.
1467 1918 1575 1957 seqq.)
1595 1917 1837 1955 Parmenidem‚
1858 1921 1895 1949 ut
1915 1917 2099 1961 sophistam
2120 1922 2153 1951 et
2173 1919 2241 1952 Po-

278 1967 417 2007 liticum,
438 1977 502 2000 non
523 1966 621 1999 fuisse
635 1978 655 1999 a
676 1968 828 2009 Platone,
851 1970 910 2003 sed
930 1981 950 2002 a
970 1970 1137 2012 Megarico
1159 1970 1299 2011 quodam
1320 1973 1432 2003 contra
1440 1968 1584 2015 Platonis
1605 1969 1694 2001 ideas
1717 1969 1940 2011 conscriptum.
1984 1971 2162 2004 Quominus
2183 1982 2242 2003 au-

281 2024 348 2050 tem
371 2020 557 2056 credamus,
588 2020 783 2059 Megaricis,
812 2026 847 2052 ut
875 2021 977 2052 falsae
1007 2022 1194 2054 dialecticae
1215 2022 1417 2058 auctoribus,
1446 2026 1554 2052 veram
1585 2030 1656 2051 eum
1676 2021 1708 2052 in
1729 2020 1790 2053 hoc
1810 2021 1890 2052 libro
1912 2031 2075 2063 opponere
2095 2023 2241 2062 voluisse,

280 2074 364 2111 qnae
385 2073 456 2103 erat
476 2069 564 2103 Astis·
584 2072 759 2111 sententia,
782 2072 850 2114 (Pl.
871 2072 911 2105 L.
932 2083 963 2105 u.
985 2073 1076 2107 Scbr.
1097 2083 1129 2116 p.
1149 2074 1240 2115 289.)
1262 2078 1296 2106 et
1315 2074 1468 2114 temporis
1488 2073 1569 2105 ratio
1590 2077 1625 2106 et
1642 2073 1712 2114 ipsa
1732 2082 1785 2105 res
1805 2072 1961 2113 prohibet.

194 2151 255 2196 ω)
276 2152 385 2186 Parni.
404 2152 437 2187 ln
457 2153 539 2194 line,
560 2162 591 2196 p.
614 2156 685 2188 166.

193 2235 255 2279 ¹⁸⁴¹)
276 2237 420 2270 Mentem
447 2246 602 2270 nmmum
629 2247 703 2271 esse
728 2239 881 2273 scientiae
902 2240 1084 2283 principium
1106 2245 1140 2274 et
1160 2240 1304 2274 omnibus
1324 2241 1449 2274 animae
1470 2241 1633 2274 sentientis
1655 2244 1689 2273 et
1704 2240 1875 2283 judicantis
1895 2241 2073 2275 actionibus
2098 2241 2244 2284 subesse,

279 2304 340 2328 nec
361 2303 398 2326 se
417 2295 504 2327 velut
530 2294 640 2345 aliam,
668 2294 727 2327 sed
756 2306 792 2328 se
818 2297 922 2339 ipsam
941 2298 974 2329 in
999 2299 1143 2331 omnibus
1164 2308 1362 2339 cognoscere
1381 2299 1556 2331 luculenter
1577 2299 1673 2331 docet
1692 2300 1724 2331 in
1745 2300 1825 2331 libro
1847 2293 1949 2346 περὶ
1965 2295 2244 2347 γνωριστικῶν

283 2344 558 2388 ὖποστᾶσεων
578 2349 743 2391 καὶτοῦ
769 2349 983 2400 ἐπέκεινα,
1008 2359 1055 2401 V,
1085 2362 1116 2394 3.
1137 2360 1191 2402 qui
1210 2362 1376 2395 universae
1397 2361 1517 2396 Plotini
1538 2361 1755 2405 philosophiae
1775 2367 1937 2405 tamquam
1958 2374 2061 2397 canon
2082 2370 2116 2397 et
2135 2365 2245 2399 critica

281 2411 396 2444 mentis
418 2416 514 2451 atque
542 2414 665 2445 animae
696 2415 874 2456 exploratio
901 2421 1029 2457 poterat
1050 2420 1224 2459 praemitti,
1253 2421 1288 2450 et
1316 2420 1492 2460 digniorem
1520 2423 1595 2460 post
1616 2420 1745 2452 Stoicos
1775 2423 1871 2459 atque
1892 2420 2066 2460 Epicureos
2093 2421 2243 2460 proponit

280 2462 433 2495 scientiae
454 2464 645 2504 rationisque
666 2465 920 2507 descriptionem.
962 2468 1172 2503 Revertemur
1193 2470 1235 2502 ad
1255 2471 1357 2509 illum,
1379 2481 1450 2503 cnm
1471 2472 1634 2512 progressi
1655 2471 1804 2503 fuerimus
1825 2472 1866 2502 ad
1886 2471 2047 2502 notionum
2068 2470 2186 2502 formas
2208 2477 2244 2504 et

257 2566 260 2569 Δ
285 2520 531 2560 compositiones
560 2521 821 2561 cognoscendas3
851 2523 920 2563 jam
946 2525 979 2556 in
1009 2525 1070 2559 boc
1099 2526 1303 2570 fundamento
1331 2529 1569 2569 acquiescamus
1590 2528 1635 2560 ibi
1653 2529 1776 2570 posito=
1818 2518 1885 2560 ὅτι
1911 2518 1968 2575 μὴ
2005 2513 2142 2569 οἷόντε
2171 2521 2243 2564 τὸν
2272 2564 2274 2567 .

285 2576 384 2617 νοῦν
401 2571 520 2621 ἐκτὸς
543 2569 694 2616 ἑαυτοῦ
716 2570 823 2617 εἶναι
833 2600 887 2607 -
897 2575 941 2618 ἐν
955 2574 1092 2632 ἑαυτῷ
1101 2580 1192 2622 ἐστι
1203 2582 1275 2623 καὶ
1285 2582 1360 2623 σὺν
1381 2581 1529 2636 ἑαυτῷ,
1540 2580 1714 2636 ἀνόητος
1723 2583 1768 2622 δὲ
1781 2584 1875 2629 νοῦς
1887 2580 1963 2622 οὐκ
1974 2578 2025 2622 ι’ίν
2036 2597 2139 2624 ποτε
2160 2583 2239 2639 εἴη.

284 2639 336 2671 Ad
357 2637 519 2670 scientiam
539 2638 571 2669 in
593 2642 699 2670 mente
720 2638 914 2672 habitantem
934 2639 1091 2673 hominem
1113 2642 1188 2675 dicit
1207 2647 1392 2690 praeparari
1414 2647 1608 2687 cogitatione
1629 2656 1649 2677 a
1662 2646 1843 2686 compositis
1859 2645 1902 2679 ad
1921 2646 2147 2687 simplicissima
2165 2657 2242 2689 per.

282 2699 401 2737 gente,
424 2683 629 2739 (διάνοια)
658 2706 742 2737 quae
772 2707 848 2730 vere
881 2702 931 2730 est
952 2699 1120 2733 dialectica
1141 2700 1234 2732 animi
1254 2702 1328 2741 vis,
1350 2707 1384 2734 et
1404 2705 1508 2736 finitur
1529 2706 1560 2735 in
1580 2711 1660 2744 pura
1681 2703 1881 2743 cognitione=
1912 2696 1961 2737 τὸ
1980 2697 2244 2752 διανοητικόν

288 2746 369 2789 ὅσα
394 2747 475 2805 6ρᾷ
489 2747 681 2803 γινώσκει
696 2751 767 2792 καὶ
790 2747 902 2794 οἶδεν
927 2747 955 2793 ἃ
973 2753 1098 2809 λέγει.
1142 2762 1180 2795 In
1210 2773 1281 2805 esp.
1310 2766 1341 2796 2.
1370 2766 1591 2799 nunciantium
1623 2754 1826 2807 (σύνεσιν,
1861 2776 1954 2807 quam
1981 2767 2115 2808 opponit
2142 2777 2244 2812 saepe

286 2812 340 2866 τῇ
350 2810 637 2868 συναισθήσει,
661 2822 705 2852 ita
725 2826 761 2853 ut
782 2823 835 2854 illa
856 2823 897 2855 sit
919 2824 1035 2857 certior
1056 2825 1185 2858 rationis
1207 2826 1416 2866 conscientia,
1440 2826 1520 2860 haec
1542 2838 1719 2867 cousensus,
1742 2827 1827 2867 quod
1848 2826 2007 2868 proprium
2028 2827 2153 2860 videtur
2174 2831 2244 2861 ani-

285 2887 358 2910 mae
379 2882 542 2914 sentientis
562 2883 723 2924 negotium
754 2887 787 2915 et
815 2883 934 2916 initium
965 2894 1038 2917 esse
1058 2896 1152 2919 verae
1180 2888 1413 2929 conscientiae3
1444 2888 1483 2921 cf.
1514 2900 1543 2922 c.
1565 2891 1615 2921 13.
1638 2879 1912 2934 συναίσθησις
1941 2881 2104 2923 πολλοῦ
2131 2898 2245 2933 τινος

290 2930 492 2989 αἴσθησίς
509 2935 620 2985 ἔστι,
645 2945 707 2985 111,
728 2949 769 2985 8,
790 2948 821 2977 3.
843 2950 876 2978 et
897 2946 1011 2990 saepe)
1034 2958 1143 2982 omnes
1164 2949 1364 2991 intelligentis
1386 2950 1510 2985 animae
1530 2951 1672 2985 actiones
1694 2950 1834 2984 comitari
1855 2949 1963 2990 docet,
1985 2955 2019 2983 et
2040 2953 2072 2984 in
2092 2961 2134 2985 ea
2155 2953 2243 2985 inve-

286 3002 334 3035 nit
355 3003 444 3037 simul
464 3006 684 3042 reminiscenda·
704 2996 969 3056 (ἀνάμνησις)
991 3010 1155 3052 originem,
1176 3010 1262 3053 quod
1283 3010 1494 3046 certissimum
1510 3014 1623 3047 mentis
1646 3022 1715 3045 esse
1736 3012 1860 3053 signum
1881 3010 2020 3045 ostendit
2030 3012 2245 3046 Platonicam-

1957 3078 1981 3118 5
