2457 3375
1067 0 1093 17 ³
1293 0 1341 42 ς*
1358 4 1366 15 ⁴
1967 0 2191 48 *vv-am
2266 20 2286 27 „.

378 375 508 424 qm„
534 388 619 415 cum
646 375 789 413 certior
812 373 879 411 illa
904 385 1132 420 summarum
1166 387 1295 414 rerum
1321 375 1611 425 contemplatio,
1652 359 1763 425 quam
1787 377 2089 432 philosophicam
2115 384 2286 434 dicimus,

229 449 322 488 artis
349 450 568 488 dialecticae
594 461 732 498 expers
757 460 836 486 non
860 449 986 498 possit
1012 461 1112 495 esse,
1139 462 1215 488 non
1240 453 1324 500 ipsa
1348 451 1443 487 haec
1459 450 1710 508 'philosophia
1735 454 1926 492 censenda
1950 461 2032 504 est,
2058 459 2129 503 sed
2155 461 2284 511 explo-

229 525 373 563 ratorio
400 528 439 562 et
462 523 748 573 praeparatorio
773 534 932 561 munere
956 521 1128 573 fungitur
1140 521 1191 576 ⁴),
1219 528 1258 561 et
1291 524 1430 574 primw
1459 523 1566 571 ‘1⁰⁸⁸i
1593 523 1698 560 ‘¹¹¹0st
1721 524 1840 563 unm
1869 523 2019 578 ⁰i’0ffis
2056 534 2180 581 quod,
2214 535 2286 572 ⁰5⁸5

233 599 354 636 omnis
379 609 507 635 rerum
537 597 767 635 universitas
793 597 1068 646 comprehensa
1092 599 1143 635 sit
1170 601 1210 635 et
1235 609 1304 635 suo
1331 597 1498 646 quidque
1522 596 1610 635 loco
1636 600 1724 646 apte
1750 598 2001 650 dispositum,
2043 617 2120 645 non
2155 608 2283 646 existi-

228 671 401 710 mnndum
427 673 490 708 est
514 671 767 709 consummari
791 682 907 720 posse
933 673 1052 719 atque
1087 671 1245 709 absolvi.
1321 670 1458 722 Neque
1484 670 1538 708 ita
1575 670 1735 708 multum
1760 684 1783 709 a
1809 684 1900 712 vero
1927 677 2060 717 abesse
2085 681 2284 727 videbitur,

228 746 262 783 si
288 746 374 793 quis
406 744 536 783 veram
562 744 784 782 dialecticae
808 744 994 781 rationem
1019 755 1164 793 ponere
1190 745 1283 782 velit
1306 745 1347 782 in
1371 747 1549 816 mot-ug
1567 755 1776 793 progressu
1802 747 2062 797 cogitationis,
2098 765 2195 801 quae
2221 755 2284 792 ubi

224 819 264 856 in
289 830 387 856 nova
424 819 583 867 quadam
609 817 764 855 notione
794 819 984 865 tamquam
1009 807 1180 866 proxima
1213 821 1333 864 meta,
1376 818 1423 856 ad
1449 829 1559 866 quam
1585 820 1667 854 erat
1693 818 1932 866 enitendum,
1968 826 2176 873 acquievit,
2205 827 2283 877 jam

224 891 335 931 aliam
353 892 492 930 excitat
517 890 841 940 contemplationis
860 891 1014 936 seriem,
1042 895 1081 928 et
1100 891 1221 939 ipsam
1247 892 1358 928 simili
1377 891 1489 928 modo
1513 891 1827 939 perlustrandum.
1880 893 1935 930 Ut
1953 901 2076 935 autem
2093 901 2185 937 artis
2203 901 2281 937 dia-

226 964 386 1003 lecticae
410 975 548 1003 nomen
572 974 650 1002 non
674 963 889 1014 praecessit
914 964 1036 1014 prima
1061 964 1198 1001 mentis
1224 964 1512 1014 philosophicae
1536 965 1637 1002 inter
1663 964 1832 1004 Graecos
1860 970 2086 1018 certamina,
2114 972 2182 1011 sed
2202 974 2282 1023 pri-

226 1050 289 1077 mo
316 1034 474 1075 demum
490 1038 765 1088 philosophiae
791 1038 915 1076 stadio
941 1041 1098 1088 peracto
1124 1038 1273 1088 vulgari
1297 1039 1424 1088 coepit
1433 1033 1485 1089 ⁵),
1511 1038 1567 1076 sic
1591 1038 1674 1088 ipsa
1699 1033 1807 1089 ars⁶)
1838 1039 2085 1082 efflorescere
2110 1056 2187 1085 non
2210 1057 2279 1097 po·

172 1176 179 1180 '
218 1174 250 1220 ⁴)
271 1177 402 1211 aristot.
423 1175 601 1221 metaphys.
622 1176 688 1217 m,
709 1179 741 1211 2.
761 1166 852 1213 ἔστι
867 1169 914 1213 δὲ
934 1166 957 1225 ἦ
978 1169 1219 1225 διαλεκτικὴ
1240 1166 1515 1226 πειραστικὴ,
1537 1168 1639 1226 περὶ
1654 1162 1747 1226 ὧνῆ
1766 1169 2003 1227 φιλοσοφία
2015 1175 2275 1232 γνωριστική.

219 1277 250 1319 ⁵)
271 1277 370 1312 Quod
391 1277 486 1318 Diog.
507 1276 618 1309 Laert.
639 1276 704 1315 III,
725 1278 779 1308 24.
801 1276 915 1315 tradit,
938 1276 1041 1318 ipsum
1063 1275 1249 1309 dialecticae
1270 1285 1388 1309 nomen
1410 1257 1430 1308 a
1451 1275 1590 1309 Platone
1610 1275 1709 1308 fuisse
1727 1276 1910 1317 inventum,
1932 1281 2064 1320 egregie
2085 1284 2279 1324 comproba-

301 1336 354 1363 tur
374 1330 481 1361 verbis
502 1329 678 1361 Platonicis
698 1328 889 1360 inPhaedro
911 1340 941 1370 p.
963 1331 1040 1367 266,
1061 1328 1115 1361 ubi
1137 1336 1179 1360 ex
1199 1328 1351 1360 orationis
1372 1328 1498 1361 numine
1519 1328 1625 1362 subito
1647 1337 1814 1369 emergere
1851 1329 1975 1363 videtur
2004 1331 2190 1376 philosopho
2211 1334 2279 1367 dia-

302 1382 408 1416 lectici
428 1390 558 1426 nomen.

216 1470 249 1512 ο)
271 1470 463 1505 Aristoteles
485 1477 590 1508 neque
603 1467 833 1510 Pythagoreos
855 1468 900 1509 (I,
922 1470 953 1500 5.
976 1477 1017 1503 οι
1034 1457 1239 1517 πρότεροι
1259 1462 1525 1517 διαλεκτικῆς
1544 1458 1593 1503 οὗ
1615 1465 1826 1513 μετεῖχον,
1857 1470 1912 1502 ubi
1934 1480 2005 1503 cnm
2026 1470 2165 1504 Platone
2190 1483 2279 1506 com-

303 1531 400 1571 parat
419 1526 509 1566 illos)
531 1535 636 1564 neque
657 1525 806 1565 physicos
829 1526 998 1557 dialectica
1019 1530 1089 1557 arte
1110 1535 1187 1559 usos
1216 1525 1315 1557 fuisse
1345 1526 1437 1564 dicit,
1465 1525 1551 1565 quod
1579 1526 1639 1567 ipsi
1660 1525 1825 1558 Heraclito
1846 1526 1878 1557 in
1899 1527 2106 1567 sagacissima
2125 1528 2206 1560 illins
2227 1538 2279 1561 re·

302 1579 460 1614 sunnone
480 1578 512 1610 in
534 1577 630 1610 tertio
650 1576 940 1620 metaplnysicomm
961 1579 1043 1611 libro
1063 1568 1134 1620 plus
1156 1578 1254 1610 semel
1275 1578 1350 1611 vitio
1372 1577 1484 1618 vertit·
1512 1577 1597 1610 idem
1618 1578 1649 1610 in
1671 1578 1772 1618 libro,
1795 1579 1845 1611 cui
1866 1579 2050 1621 inscriptum
2072 1585 2141 1613 erat
2162 1581 2278 1623 Sophi-

302 1637 374 1670 sta,
388 1632 560 1662 Zenonem
581 1630 761 1661 Eleaticum
784 1631 918 1670 primum
940 1631 1017 1661 artis
1039 1634 1204 1661 auctorem
1225 1631 1406 1661 nominasse
1427 1630 1560 1661 traditur
1582 1640 1601 1660 a
1622 1630 1715 1670 Diog.
1737 1631 1847 1662 Laert.
1869 1630 1964 1669 VIII,
1994 1633 2046 1662 ⁵7.
2075 1641 2096 1663 a
2123 1641 2187 1672 quo
2216 1642 2279 1666 non

301 1683 465 1724 discrepat
486 1682 607 1714 Sextus
628 1681 747 1723 Empir.
769 1681 840 1713 adv.
863 1682 928 1722 log.
949 1681 985 1720 I,
1007 1684 1039 1713 7.
1061 1691 1146 1721 quae
1166 1683 1349 1714 testimonia
1369 1678 1439 1723 ip'sa
1461 1679 1680 1724 philosophiae
1709 1682 1839 1716 historia
1870 1683 2113 1723 conflrmantur3
2143 1694 2217 1717 nam
2244 1690 2279 1717 ut

296 1735 343 1768 de
364 1734 522 1778 prioribus
544 1732 682 1776 physicis
704 1737 854 1773 taceam,
876 1734 929 1774 qui
951 1734 993 1765 ad
1015 1734 1168 1776 principia
1188 1741 1295 1766 roeum
1315 1733 1543 1775 cognoscenda
1565 1734 1711 1775 aggressi
1732 1739 1825 1767 erant
1845 1735 1964 1768 nnllam
1984 1735 2061 1770 artis
2080 1745 2224 1769 normam
2239 1746 2279 1770 ac

300 1789 448 1830 regulam
469 1787 592 1826 secuti,
620 1786 853 1828 Empedoclem
874 1786 1054 1819 rhetoricae
1075 1787 1202 1825 quidem
1222 1788 1419 1819 inventorem
1440 1788 1482 1818 ab
1504 1787 1677 1819 Aristotele
1698 1787 1760 1820 dici
1781 1788 1892 1828 adjicit
1911 1788 2092 1828 Diogenes,
2114 1790 2199 1827 quod
2220 1791 2279 1821 mi-

300 1848 446 1872 raremur
466 1846 556 1877 sane,
577 1837 637 1869 nisi
659 1837 778 1869 Sextus
798 1837 820 1869 l.
841 1837 863 1869 1.
884 1837 954 1880 ipsa
975 1837 1151 1879 stagiritae
1170 1838 1271 1870 verba
1290 1839 1486 1881 repetiisset·
1517 1836 1753 1883 Empedoclem
1774 1839 1919 1873 movisse
1940 1838 2278 1884 rhetoricam.(1ude-

302 1903 340 1927 re
359 1893 485 1925 videtur
505 1892 537 1923 in
558 1890 721 1923 movendi
741 1891 917 1928 vocabulo,
940 1901 1013 1923 cnm
1033 1891 1253 1931 Empedocles
1268 1891 1390 1933 ‘phua
1412 1893 1550 1924 externis
1576 1902 1683 1923 rerum
1704 1892 1869 1925 elementis
1888 1894 2045 1924 internum
2064 1899 2170 1926 motus
2190 1896 2277 1935 prin·

301 1944 419 1988 cipium
447 1942 604 1975 addiderit
631 1946 665 1975 et
685 1942 862 1975 contrarias
880 1942 1039 1976 induxerit
1066 1942 1191 1997 vires,
1182 1941 1375 1990 metaphys.
1396 1943 1428 1983 1,
1459 1945 1489 1975 3.
1511 1942 1597 1984 quod
1618 1943 1710 1976 aliter
1729 1942 1883 1977 intellexit
1904 1945 2033 1979 Quintil.
2054 1945 2199 1978 institutt.
2219 1945 2278 1985 111,

301 1997 350 2037 1.)
371 1996 431 2028 sed
453 1996 653 2027 dialecticam
674 1996 830 2027 rationem
851 2005 914 2027 non
937 1995 1064 2026 admisit
1085 1987 1214 2036 poetica
1235 1991 1304 2037 'elus
1325 1996 1446 2034 οηιιος
1478 1995 1602 2036 dignior
1623 1999 1694 2027 erat
1713 1995 1906 2035 Heraclitus,
1929 1997 1955 2027 si
1977 2006 2035 2039 per
2050 1997 2185 2028 eandem
2196 2007 2276 2040 poe-

300 2050 399 2083 ticam
418 2048 554 2080 formam
575 2047 737 2085 licuisset,
759 2047 814 2087 qui
837 2047 1021 2081 dialecticus
1043 2050 1291 2089 nuncuparetur,
1310 2046 1428 2089 'qflppe
1449 2048 1501 2087 qui
1521 2047 1640 2088 primus
1661 2057 1682 2079 a
1702 2046 1784 2079 falsa
1805 2055 1955 2081 sensuum
1975 2049 2083 2095 specie
2103 2059 2277 2082 sevocave·

300 2103 342 2134 rit
363 2101 501 2133 animum
522 2099 565 2131 ad
586 2103 775 2141 perpetuum
795 2100 988 2139 vitalemque
1009 2099 1151 2131 omnium
1171 2108 1280 2132 rerum
1299 2103 1422 2131 motum
1443 2098 1731 2143 considerandum,
1751 2098 1950 2142 Pythagorei
1971 2109 2045 2135 eum
2071 2093 2114 2133 ad
2127 2110 2276 2140 numero-

300 2164 371 2187 rum
392 2154 482 2194 leges
504 2152 611 2185 omnia
632 2156 857 2190 revocassent,
880 2151 1108 2183 mathematica
1130 2151 1258 2191 quidem
1278 2152 1401 2184 ratione
1421 2161 1526 2196 rerum
1547 2152 1774 2190 actionumque
1799 2153 2100 2194 simplicissimamm
2132 2157 2277 2185 naturam

301 2209 534 2255 explorabant,
554 2217 651 2250 qnam
672 2206 856 2242 methodum
879 2206 1095 2251 philosophica
1117 2208 1218 2242 multo
1239 2207 1420 2242 inferiorem
1441 2217 1546 2250 neque
1567 2196 1832 2244 ἇνυπόθετον
1853 2219 1926 2243 esse
1945 2212 2056 2243 monet
2070 2209 2276 2243 Aristotme·

298 2267 424 2308 taphys.
444 2267 504 2305 III,
525 2269 556 2297 3.
577 2275 643 2297 non
664 2266 870 2297 dissentiente
881 2264 1020 2297 Platone
1040 2265 1164 2307 ιιι-τις).
1182 2267 1266 2303 510,
1279 2265 1338 2296 sed
1360 2265 1465 2306 (quod
1485 2265 1603 2305 dictum
1624 2266 1717 2298 velim
1737 2267 1859 2299 nonnisi
1880 2266 1922 2297 de
1943 2266 2081 2307 genuina
2100 2269 2197 2306 atque
2217 2275 2275 2297 an—

299 2317 678 2360 tiqnaPythagoreorum
699 2317 881 2359 disciplina)
903 2328 968 2351 non
989 2326 1098 2359 supra¹
1108 2317 1187 2350 artis
1202 2317 1330 2359 logicae
1348 2317 1437 2350 initia
1457 2317 1686 2358 ascendebant,
1708 2329 1810 2359 neque
1833 2329 1854 2351 a
1869 2318 1976 2361 prhnis
1989 2319 2167 2352 notionum
2175 2319 2275 2351 linea·

297 2372 412 2405 mentis
439 2372 473 2403 in
494 2370 579 2403 serie
600 2369 754 2416 decadica
774 2370 945 2412 propositis
974 2370 1090 2411 (arist.
1124 2368 1304 2412 metaphys.
1325 2369 1359 2409 1,
1379 2369 1429 2411 5.)
1458 2370 1669 2412 penetrabant
1688 2371 1732 2403 ad
1752 2370 1974 2420 explicandam
1994 2370 2159 2404 notionum
2179 2370 2274 2402 uber-

298 2431 399 2457 tatem
420 2428 453 2456 et
472 2424 681 2461 varietatem3
721 2432 830 2455 verum
868 2433 942 2456 cum
962 2422 1179 2464 Xenophanes
1207 2426 1241 2454 et
1260 2423 1361 2455 multo
1382 2423 1485 2463 magis
1506 2423 1713 2455 Parmenides
1744 2433 1873 2456 omnem
1911 2433 2018 2456 rerum
2046 2422 2274 2455 malfimdinem

297 2477 329 2509 in
351 2484 448 2518 unam
468 2475 615 2507 stabilem
636 2475 863 2515 immotamque
895 2474 1110 2507 substantiam
1137 2474 1350 2508 audacissime
1385 2475 1697 2517 conglutiner-assent,
1726 2479 1758 2509 et
1786 2476 1890 2518 ipsum
1917 2486 2013 2509 non·
2023 2486 2106 2513 ειυς
2120 2483 2203 2514 quae
2223 2478 2275 2506 est

297 2538 420 2560 summa
440 2527 579 2568 negandi
609 2528 710 2566 ratio,
739 2536 781 2558 ex
802 2528 921 2560 mundo
950 2524 1162 2566 delevissent,
1191 2527 1282 2559 Zeno
1304 2528 1421 2570 primus
1448 2528 1556 2560 soluta
1576 2528 1723 2560 oratione
1745 2537 1820 2559 usus
1841 2528 1872 2560 in
1900 2528 2056 2561 continuis
2076 2526 2274 2558 sermonibus

301 2585 372 2627 (qui
393 2581 540 2618 dicuntur
561 2575 698 2629 λόγοι)
721 2595 790 2617 non
811 2590 889 2617 esso‘
904 2582 1013 2616 multa
1034 2583 1211 2617 conabatur
1232 2584 1393 2623 evincere,
1426 2588 1460 2617 et
1480 2584 1547 2623 ita,
1567 2584 1656 2624 quod
1676 2584 1790 2616 merito
1812 2583 1958 2625 displicet
1979 2583 2106 2617 Socrati
2126 2581 2271 2614 Platoni-

228 2665 240 2669 -
298 2652 358 2681 co,
395 2641 445 2683 (in
471 2640 683 2684 Parmenide,
711 2651 742 2682 p.
772 2640 861 2681 128.)
890 2640 1139 2682 disputationum
1167 2642 1201 2671 et
1230 2622 1436 2680 negationum
1473 2631 1607 2673 artifieio
1638 2640 1766 2673 firmare
1793 2640 1937 2681 magistri
1964 2638 2163 2672 sententiam.
2215 2637 2271 2673 Sic

297 2694 483 2727 Eleatasum
504 2695 635 2733 labore,
659 2694 800 2734 (summo
823 2694 905 2725 euim
922 2694 995 2734 jure
1017 2704 1037 2725 a
1059 2692 1162 2724 Sexto
1184 2691 1255 2725 adv.
1277 2693 1343 2733 Ιο3.
1364 2693 1396 2724 1.
1418 2696 1449 2725 6.
1456 2693 1667 2725 Parmenides
1689 2693 1876 2725 dialecticae
1896 2695 2045 2725 censetur
2065 2700 2129 2723 non
2156 2699 2271 2732 expers

295 2745 411 2786 fuisse)
431 2746 584 2778 solidiora
603 2745 734 2786 quidem
754 2744 832 2782 artis
853 2744 1083 2787 disputatoriae
1103 2743 1314 2777 fundamenta
1327 2743 1418 2785 jacta
1439 2749 1549 2784 erant,
1580 2740 1678 2785 qaam
1705 2747 1813 2777 autem
1840 2751 2024 2777 sermonum
2044 2741 2179 2775 formam
2201 2742 2269 2775 ele—

294 2802 412 2839 gerant
419 2798 512 2831 Zeno
533 2799 664 2838 ejusque
683 2798 843 2835 asseclae,
865 2798 1006 2837 Gorgias
1026 2797 1198 2837 praecipua
1219 2797 1406 2834 Leontinus,
1428 2808 1468 2829 ea
1489 2798 1653 2855 aptissima
1673 2797 1800 2836 quidem
1821 2801 1893 2828 erat
1912 2795 2093 2828 refellendis
2113 2795 2197 2835 vulgi
2216 2805 2267 2826 er-

293 2850 438 2888 roribus,
456 2848 516 2880 sed
536 2849 665 2880 minoris
687 2848 730 2880 ad
749 2848 972 2881 inveniendum
992 2856 1103 2879 verum
1124 2847 1279 2887 utilitatis,
1300 2847 1509 2888 quamobrem
1520 2848 1617 2879 Plato
1638 2847 1671 2880 ιιι
1692 2848 1818 2890 Gorgia
1837 2846 2030 2880 rhetoricam
2050 2849 2163 2888 attan,
2184 2856 2268 2890 quae

293 2904 350 2934 tali
369 2902 550 2943 disputandi
577 2910 697 2942 genere
725 2902 907 2941 nitebatur,
935 2900 1079 2934 similiter
1105 2904 1142 2933 ut
1167 2901 1199 2934 in
1221 2900 1374 2942 Sopbiam
1401 2900 1625 2942 sophisticam,
1654 2901 1776 2942 rejicit,
1803 2905 1840 2934 ut
1859 2901 1986 2941 unique
2005 2909 2081 2933 vera
2102 2900 2267 2933 dialectica

294 2958 484 2996 opponatur.
