2457 3375
1163 300 1165 302 .
1176 273 1205 319 3
1209 275 1245 320 5,

182 416 327 456 enin·
342 415 474 453 omnia
496 418 539 454 ln
563 419 850 455 rerum'natura
875 413 1136 465 procreentur,
1161 416 1216 453 ita
1227 443 1230 445 -
1233 406 1326 467 ,ᾖα-ἰ
1340 413 1461 468 prima
1484 414 1663 453 udentiae
1696 414 1883 454 elementa
1907 412 2118 456 universam
2151 423 2226 460 aci-

180 491 317 530 entiam
343 491 537 530 continent
560 482 776 536 involutam,
802 500 928 538 neque
952 488 1031 527 ulla
1056 489 1139 540 ejus
1164 502 1254 540 pars
1279 490 1326 529 ab
1350 488 1436 528 aliis
1462 500 1554 528 vere
1578 489 1748 539 sejuncta
1765 496 1847 547 ρει,
1872 491 1944 530 sed
1983 493 2025 532 in
2061 506 2226 544 mqu-

180 576 257 614 que
282 564 479 614 disciplina
502 565 674 614 reliquae
700 573 830 600 omnes
855 562 1004 612 poeitae
1031 566 1120 601 suut
1143 564 1328 614 potentia,
1358 562 1431 602 etsi
1446 556 1534 601 'non
1559 561 1701 610 ubique
1730 574 1822 602 vere
1854 565 1976 604 arkint
1998 564 2081 620 ¹⁵⁸).
2146 568 2228 607 Nee

179 638 329 676 omnino
355 638 394 676 in
417 642 556 688 partcs-
572 635 792 674 dissecando
812 639 878 673 est
902 636 1079 682 seientia;
1130 640 1259 686 partes
1274 637 1385 675 enim
1411 648 1434 674 a
1458 639 1544 674 toto
1569 638 1659 674 nunt
1683 636 1848 683 avulsae,
1883 642 1936 685 et,
1971 641 2027 678 nti
2052 640 2227 693 singulae

176 715 261 749 toto
285 712 450 749 minoren
477 714 577 754 sunt,
603 710 658 746 ita
684 720 814 746 omnes
838 710 940 747 inter
973 721 1016 747 ae
1046 710 1174 747 multis
1211 710 1388 760 gradibus
1420 710 1581 756 distant,
1618 710 1775 747 scientia
1810 714 1934 750 autem
1966 725 2040 752 una
2074 726 2228 766 semper

177 788 218 821 et
241 785 417 821 univerae
448 784 489 819 in
516 782 686 819 omnibus
712 786 772 819 est
792 779 874 833 ι59).
922 783 976 820 Ει
998 786 1120 820 totum
1145 783 1408 832 philosophiae
1432 795 1654 832 processum
1687 783 1761 820 auli
1784 784 1944 832 imagine
1977 787 2098 825 line-0
2131 801 2223 838 pm-

179 859 300 907 ponit,
328 868 438 905 quae,
463 867 549 893 cum
573 858 721 893 rectum
745 859 879 893 tenere
902 867 977 894 non
1002 856 1126 905 possit
1151 867 1315 902 curuum,
1340 868 1390 894 ne
1420 857 1461 894 in
1490 857 1676 895 infinitum
1702 858 1865 906 spatium
1896 859 2055 906 excidat,
2088 862 2224 902 inflexa

178 934 218 969 et
241 930 281 967 in
307 928 351 967 ιε
375 939 577 966 recurrens
604 928 735 965 circuli
760 928 939 965 describit
964 929 1124 979 figuram
1139 925 1233 981 ¹⁴⁰);
1282 930 1413 978 itaque
1451 930 1674 979 principium
1707 930 1974 980 philosophiae
2009 945 2125 973 unum
2160 940 2222 975 est

173 1006 357 1048 centrum,
382 1002 599 1040 immensam
625 1004 853 1047 centrorum,
878 1002 979 1039 unde
1003 1002 1175 1052 singulae
1199 1003 1416 1041 exoriantur
1441 1001 1672 1052 disciplinae,
1696 1005 1913 1043 varietatem
1946 1008 2145 1047 conti-cns
2182 1014 2223 1049 et

173 1088 245 1127 per
271 1076 460 1114 infinitum
483 1076 674 1114 radiorum
699 1073 895 1113 numerum
919 1077 960 1113 in
985 1077 1183 1114 circuitum
1207 1088 1296 1114 scae
1321 1077 1511 1122 evolvens,
1536 1078 1727 1114 immotum
1752 1079 1903 1127 ipsum,
1925 1081 1994 1118 sed
2019 1083 2223 1132 simplicis-

172 1151 306 1188 simum
331 1150 443 1188 simul
469 1153 509 1188 et
533 1149 738 1188 ditissimus
765 1150 928 1187 omnium
949 1161 1078 1187 rerum
1102 1149 1305 1188 thesaurus
1326 1147 1427 1201 ¹¹⁸¹).>
1471 1150 1578 1199 Haec
1603 1153 1818 1189 centron-um
1842 1153 2000 1192 varietas
2026 1156 2067 1193 in
2092 1162 2220 1197 niente

173 1225 299 1274 posita
323 1228 396 1270 eat,
423 1236 534 1273 quam
559 1236 710 1273 semper
735 1235 782 1260 ex
807 1235 852 1261 se
876 1224 1030 1261 dimittit
1054 1223 1180 1269 Deus3
1232 1236 1338 1262 mens
1371 1226 1490 1274 igitur
1512 1237 1657 1263 summa
1691 1229 1754 1263 est
1793 1227 1954 1265 omnium
1983 1239 2112 1268 rerum
2146 1243 2216 1270 ve-

170 1298 278 1343 ritas,
304 1300 345 1335 et
369 1297 528 1335 alterum
552 1300 641 1347 post
664 1296 895 1346 incognitum
920 1295 1040 1334 Deum
1075 1297 1328 1346 cognoscendi
1352 1298 1590 1348 principium,
1616 1309 1743 1347 neque
1767 1298 1845 1336 ulla
1869 1302 1999 1349 potest
2030 1313 2118 1341 esse
2143 1305 2219 1343 ιω.

173 1372 274 1409 cntia
299 1371 373 1408 nisi
398 1371 438 1410 in
462 1374 600 1409 mente.
678 1370 765 1408 Non
790 1373 870 1407 erat
894 1370 969 1408 hoc
993 1370 1217 1422 principium
1242 1371 1288 1410 ab
1312 1371 1398 1422 ipso
1423 1371 1575 1412 Plotino
1601 1373 1866 1424 excogitatum,
1891 1374 1962 1413 sed
1980 1376 2098 1415 omnis
2118 1388 2217 1419 eem-

260 1514 370 1561 ἐκεῒ,
391 1512 463 1555 καὶ
480 1510 600 1554 οῦδὲν
618 1506 741 1567 ἧττον
769 1511 1084 1571 διακεκριμένα,
1107 1521 1154 1552 uti
1175 1530 1238 1553 uno
1269 1522 1377 1554 semini
1397 1521 1515 1553 multae
1535 1521 1632 1554 insint
1652 1521 1734 1553 vires
1754 1521 1894 1554 nondum
1914 1523 2083 1565 efficaces,
2104 1527 2218 1569 singu-

256 1580 308 1612 lae
328 1583 436 1611 autem
456 1587 567 1620 omues
596 1577 741 1618 diversae
772 1578 836 1608 sint
865 1577 1011 1609 notiones
1027 1587 1092 1609 una
1112 1586 1235 1620 summa
1262 1578 1392 1609 notione
1412 1577 1677 1619 comprehensae,
1706 1581 1741 1608 et
1760 1577 1843 1610 banc
1870 1587 1943 1610 ease
1962 1579 2088 1613 insitam
2108 1584 2223 1617 semini

252 1641 408 1669 naturam
427 1624 594 1680 (φύσιν)
616 1633 721 1665 omnia
742 1642 783 1664 ex
804 1642 843 1664 eo
864 1637 1096 1674 procreantem.
1138 1633 1188 1665 Cf.
1209 1634 1264 1665 Ar.
1286 1633 1327 1666 de
1346 1637 1428 1675 part.
1450 1633 1543 1666 anim.
1564 1633 1592 1671 1,
1612 1635 1644 1664 2.
1666 1622 1730 1667 ἔτι
1740 1626 1786 1668 δὲ
1798 1625 1970 1678 δυνάμει
1980 1628 2029 1670 τὸ
2040 1631 2222 1687 σπέρμα

169 1722 230 1765 ¹⁸⁸)
251 1722 373 1762 1v‚9‚
394 1720 484 1753 5.Ιιι
504 1719 633 1761 singulis
655 1718 806 1752 scientiae
827 1718 967 1760 partibus
989 1723 1099 1751 monet
1119 1722 1221 1752 totam
1242 1718 1412 1757 contineri,
1435 1721 1468 1750 et
1484 1718 1633 1759 potentia
1655 1729 1726 1751 cnm
1747 1723 1818 1753 toto
1840 1731 1913 1753 esse
1934 1732 2107 1764 connexas,
2129 1725 2219 1767 (hd.

252 1780 395 1813 lenistico
416 1777 515 1809 utitur
534 1776 690 1809 vocabulo
711 1767 1083 1819 ξένδυναμοῦσθαι,
1117 1776 1137 1806 i.
1160 1785 1188 1807 e.
1210 1767 1254 1808 ἐν
1269 1765 1443 1818 δυνάμει
1462 1763 1581 1814 εἶναι,
1606 1785 1626 1806 a
1647 1777 1777 1809 soloeco
1799 1777 1955 1818 adjectivo
1977 1771 2213 1825 ἕνδύναμος,

253 1842 296 1876 cf.
311 1839 431 1872 Lobeck
452 1837 497 1870 ad
517 1836 632 1877 Phryn.
654 1847 685 1878 p
707 1838 779 1868 605.
800 1837 940 1869 similiter
961 1842 1048 1870 amat
1066 1838 1233 1870 verborum
1254 1829 1488 1884 ἕμψυχοῦν,
1521 1828 1706 1877 ἒννοοῦν,
1750 1829 2034 1884 ἐνσωματοῦν,
2068 1849 2101 1877 et
2129 1847 2214 1880 defi-

249 1903 394 1931 vatorum
413 1894 487 1927 inde
507 1894 667 1925 nominum
687 1892 795 1932 usum)
828 1893 860 1924 in
888 1893 1030 1927 efficacia
1058 1899 1165 1927 antem
1196 1895 1336 1934 singulas
1365 1897 1488 1925 tantum
1515 1903 1681 1934 apparere.
1726 1895 1928 1935 Singulorum
1955 1907 1996 1930 ex
2020 1905 2091 1940 toto
2113 1905 2219 1934 ortum

252 1954 414 1995 adjectivis
445 1944 614 1994 ἕτοιμος
645 1955 678 1982 et
699 1940 923 1996 πρόχειρος
948 1956 1059 1990 notan
1088 1953 1229 1983 similiter
1248 1951 1299 1991 V,
1320 1954 1362 1990 τ,
1391 1954 1422 1982 2
1451 1951 1591 1990 singulas
1613 1952 1734 1983 aninm
1755 1945 2004 2000 προχείρους
2023 1956 2120 1995 dicit,
2147 1958 2167 1988 ἰ.
2190 1968 2219 1990 e.

250 2015 393 2056 promtu
414 2008 505 2049 quasi
532 2017 605 2040 esse
626 2011 659 2039 et
681 2006 836 2039 exsistere
864 2016 905 2038 ex
931 2007 1077 2038 universa
1107 2006 1211 2038 anima
1238 2006 1378 2047 singulas
1405 2006 1590 2038 involvente.
1633 2007 1701 2047 (Cf.
1729 2008 1821 2040 Sext.
1842 2010 1962 2053 Empir.
1981 2012 2051 2044 adv.
2072 2012 2169 2046 math.
2189 2014 2218 2056 1,

249 2074 323 2104 249.
345 2071 398 2103 ubi
418 2055 694 2113 προχειρότης
711 2060 784 2111 τῆς
805 2054 1020 2108 ἇμεθόδου
1039 2055 1140 2110 ῧλνς
1160 2067 1211 2095 est
1232 2063 1380 2096 tractatio
1403 2067 1436 2095 et
1457 2062 1620 2104 dispositio
1642 2065 1796 2096 materiae
1816 2067 1899 2099 male
1919 2067 2048 2110 nexae.)

165 2161 230 2203 ¹³⁶)
249 2161 410 2194 classicus
431 2155 482 2193 est
502 2158 593 2192 locus
617 2159 681 2198 IV,
703 2162 742 2198 7,
763 2160 793 2190 5.
820 2148 928 2191 ὅπου
946 2149 994 2191 τὸ
1013 2149 1141 2205 μέρος
1157 2148 1207 2191 τὸ
1219 2144 1320 2190 αὐτό
1336 2147 1426 2189 ἐστι
1442 2163 1500 2204 τῳ
1482 2145 1609 2201 ὅλῳ,
1627 2149 1750 2190 τοῦτο
1762 2149 1805 2191 ἕν
1822 2154 1876 2208 τῇ
1884 2149 2013 2194 αὑτοῦ
2031 2150 2157 2210 οὐσίᾳ
2166 2155 2216 2197 τὸ

254 2214 390 2257 ποσὸν
409 2209 519 2256 εἶνᾱι
536 2209 833 2267 ὑπερβέβηκεν,
859 2208 1022 2253 α’ποσον
1045 2213 1091 2254 δὲ
1111 2208 1221 2253 εἶναι
1240 2208 1341 2252 αὐτὸ
1364 2211 1429 2252 δεῖ
1451 2210 1498 2259 ἐξ
1517 2206 1715 2264 ἀνάγκης,
1739 2219 1823 2251 unde
1843 2220 1985 2262 singulas
1999 2222 2120 2255 animas
2141 2233 2217 2265 pu-

248 2284 299 2311 tes
320 2289 385 2311 ιιοιι
407 2287 479 2310 esse
500 2277 669 2309 universae
690 2277 813 2309 animae
834 2277 947 2309 evincit
967 2276 1030 2316 IV,
1052 2279 1092 2316 3,
1112 2280 1144 2308 2.

163 2361 225 2403 ιιι’)
246 2360 309 2399 VI,
330 2361 368 2398 5,
390 2361 441 2391 11.
462 2362 606 2400 tempus,
627 2359 658 2391 in
679 2368 743 2399 quo
765 2363 936 2398 nascantur
958 2364 991 2391 et
1012 2363 1205 2391 evanescant
1225 2341 1390 2397 mortalia,
1412 2358 1514 2389 lineae
1535 2362 1704 2399 comparat
1720 2380 1730 2396 ,
1756 2367 1857 2397 quae,
1888 2369 1959 2391 cum
1981 2363 2070 2392 recta
2092 2360 2123 2392 in
2144 2361 2215 2393 infi-

248 2412 346 2446 nitum
366 2410 510 2442 videatur
530 2420 683 2451 pergere,
705 2420 782 2442 vere
802 2412 833 2442 in
856 2412 1006 2444 circulum
1026 2420 1100 2443 sese
1121 2412 1228 2444 flectat
1250 2414 1284 2442 et
1304 2410 1389 2443 circa
1410 2419 1505 2441 unum
1528 2414 1669 2443 centrum
1691 2415 1877 2449 moveatur3
1915 2411 2054 2441 similiter
2076 2413 2214 2445 evolutio

252 2461 476 2512 (διέξοδος)
498 2468 718 2508 cogitationis,
740 2469 771 2499 in
791 2471 937 2509 tempore
957 2479 1032 2500 sese
1053 2470 1227 2510 explicans,
1250 2469 1426 2509 applicatur
1446 2477 1573 2509 semper
1594 2467 1636 2499 ad
1657 2472 1819 2499 aeternam
1840 2472 1986 2498 mentem.
2029 2467 2218 2507 symbolice

249 2525 332 2559 hunc
352 2524 490 2558 omnium
509 2533 616 2555 rerum
637 2527 670 2555 et
690 2524 891 2565 cogitationis
913 2529 1034 2556 motum
1056 2525 1302 2557 adumbraverat
1322 2524 1419 2556 Plato
1441 2524 1473 2556 in
1495 2523 1628 2556 Timaeo
1642 2547 1651 2563 ‚
1675 2523 1722 2565 (p.
1744 2522 1810 2562 36.)
1833 2522 1863 2553 in
1885 2522 2001 2562 duplici
2022 2524 2160 2563 ejusdem
2182 2529 2215 2557 et

259 2584 345 2616 aliua
364 2583 385 2614 i.
407 2592 435 2615 e.
456 2582 572 2614 mentis
594 2585 627 2612 et
648 2585 799 2619 naturae,
827 2591 909 2621 quae
930 2581 1114 2613 distractam
1136 2581 1287 2612 ostendat
1313 2587 1470 2621 mentem,
1498 2582 1633 2615 circuitu.
1657 2572 1699 2627 (ἦ
1720 2569 1872 2613 ταῦτοῦ
1891 2572 2056 2614 καὶτοῦ
2072 2572 2215 2630 ἑτέρου

255 2635 388 2695 φορά)
410 2646 501 2679 Haec
523 2648 593 2678 erat
609 2644 734 2676 ”summa
757 2643 939 2685 disciplinae
959 2641 1202 2675 mathematicae
1222 2643 1316 2682 ratio,
1337 2647 1374 2675 ut
1394 2648 1544 2676 aeternae
1564 2643 1702 2674 veritatis
1723 2642 1893 2683 imaginem
1914 2643 1956 2676 ob
1978 2644 2087 2676 oculos
2109 2654 2213 2685 pone-

248 2708 300 2736 ret
320 2703 535 2738 certissimam.
578 2701 633 2734 Sic
665 2700 814 2733 mundum
841 2700 1019 2732 universum
1046 2699 1243 2739 aequabilem
1270 2699 1394 2731 nimae
1420 2701 1544 2732 motum
1571 2698 1744 2731 imitantem
1766 2699 1915 2732 circulum
1936 2699 2011 2731 dicit
2031 2698 2213 2731 describere

249 2755 300 2794 11,
320 2759 360 2795 2,
380 2758 411 2788 3.

166 2838 227 2879 ¹⁴¹)
248 2838 309 2877 VI,
331 2841 369 2879 5,
389 2841 420 2871 5.
442 2838 503 2872 hoc
525 2838 701 2888 symbolum
722 2836 871 2880 proponit
893 2835 1092 2867 difficillimae
1113 2834 1154 2869 de
1174 2844 1237 2867 uno
1261 2838 1293 2866 et
1312 2835 1416 2866 multis
1437 2834 1468 2866 in
1499 2835 1633 2868 scientia
1655 2835 1865 2875 quaestionis,
1898 2837 1932 2866 et
1958 2834 2084 2875 singula
2103 2834 2212 2865 radio-

250 2906 319 2928 rum
339 2903 451 2931 centra
471 2898 508 2930 iis
530 2899 629 2931 insita
649 2897 730 2929 vires
752 2900 846 2929 vocat
867 2898 962 2933 atque
984 2893 1137 2925 essentias
1157 2893 1295 2925 nondum
1315 2898 1501 2935 separatas,
1524 2883 1792 2936 (αόιάστατοι
1812 2883 2009 2937 δυνάμεις
2039 2884 2111 2926 καὶ
2143 2881 2213 2925 οὗ·

255 2949 367 2999 σίαι,
391 2961 475 2994 male
496 2961 546 2995 ed.
567 2962 643 2995 Bas
675 2949 826 3004 οὐσία)
848 2964 1008 2993 extremos
1028 2958 1182 2992 linearum
1201 2959 1296 2999 fines,
1316 2958 1429 2992 unde·
1421 2969 1510 3001 ipsae
1531 2959 1730 2993 dimittanmr.
1962 3003 1965 3006 ψ

1919 3023 1944 3064 5
1971 3023 1993 3045 ¹0<
